2606 4126
353 239 453 304 176

675 407 857 460 Lec‘Zz'o
897 409 1018 477 ,2'4'7'¹.

428 521 691 573 TIcolaus
737 522 924 574 illustri
970 523 1092 576 loco
1136 525 1347 578 Patarae

509 602 685 655 natUS,
713 595 862 661 quod
891 597 1159 663 oppidum
1187 599 1263 650 est
1291 600 1345 651 in

350 664 536 732 Lycia,
587 667 812 717 orbatus
871 668 925 718 in
978 669 1346 723 adolescentia

345 745 578 804 vtroque
612 747 853 805 parente,
881 757 1073 792 omnes
1110 742 1229 793 suas
1267 742 1345 794 fa-

345 809 580 861 cultates
654 812 989 877 pauperibus
1058 813 1341 867 distribuit.

349 882 518 934 Cuius
546 882 678 933 illud
701 900 799 949 per
820 882 1002 936 santffte
1024 893 1078 936 et
1105 885 1352 953 benigne

346 952 575 1006 faffitum²
631 955 686 1005 in
747 957 937 1021 primis
991 967 1340 1011 memoratur.

345 1026 511 1094 Quod
548 1044 674 1078 cum
706 1029 932 1093 quidam
960 1030 1075 1080 eius
1106 1031 1240 1081 ciuis
1268 1049 1340 1081 ex

342 1099 517 1150 diuite
567 1100 946 1166 pauperrimus
995 1099 1188 1164 faetus²
1232 1111 1341 1154 tres

342 1170 482 1222 filias
520 1171 630 1222 iam
666 1172 783 1222 viro
821 1181 1065 1224 maturas
1101 1191 1209 1225 non
1247 1193 1342 1226 va-

340 1243 458 1294 lens
494 1260 607 1310 prae
636 1244 823 1310 inopia
851 1246 1203 1296 matrimonio
1231 1247 1340 1297 col-

340 1315 534 1377 locare,
571 1315 831 1367 statuisset
869 1317 1205 1383 prostituere,
1243 1320 1341 1369 Ni-

341 1387 527 1438 colaus
560 1405 616 1438 re
642 1388 880 1454 cognita,
907 1389 1148 1455 quadam
1178 1389 1340 1442 nocte

339 1477 438 1526 per
481 1459 769 1510 fenestram
815 1468 1033 1511 tantum
1084 1464 1342 1528 pecunia-

340 1549 459 1582 rum
488 1531 630 1582 clam
665 1533 894 1599 proiecit
929 1533 983 1583 in
1012 1534 1241 1585 domum
1278 1535 1339 1585 il-

338 1605 456 1666 lius,
478 1612 747 1670 quantum
777 1605 894 1656 doti
916 1607 1075 1656 vnius
1103 1606 1337 1658 filiarum

335 1677 557 1728 abunde
609 1676 887 1729 sufficeret.
979 1678 1146 1745 Quod
1211 1697 1335 1730 cum

336 1749 551 1808 iterum,
610 1757 666 1800 et
727 1749 892 1800 tertio
955 1749 1171 1811 fecisset,
1228 1759 1338 1802 tres

336 1821 716 1872 honestissimae
790 1822 1030 1889 virgines
1111 1824 1337 1874 dotibus

335 1895 577 1960 acceptis
613 1893 852 1944 honestis
890 1895 1017 1945 viris
1053 1895 1108 1946 in
1150 1897 1337 1946 matri-

335 1967 581 2017 monium
606 1966 751 2017 datae
780 1966 913 2018 sunt.
995 1967 1101 2018 His
1129 1976 1185 2019 et
1212 1967 1336 2019 tali-

334 2039 437 2090 bus
458 2039 722 2104 virtutum
748 2038 953 2104 officijs
976 2057 1101 2090 cum
1131 2057 1336 2106 magna

336 2112 443 2162 suae
481 2109 783 2162 san6titatis
819 2112 1131 2178 praebuisset
1167 2113 1334 2163 docu-

335 2191 536 2245 menta,
559 2184 778 2250 Myrarn
803 2184 1071 2250 oppidum
1095 2185 1334 2235 eiusdem

334 2257 633 2323 prouinciae
662 2254 694 2306 a
720 2257 826 2306 deo
853 2256 1107 2307 videlicet
1143 2258 1334 2308 admo-

335 2330 482 2379 nitus
533 2329 834 2389 contendit,
884 2346 949 2378 eo
1001 2329 1333 2395 potisslmum

331 2410 598 2468 tempore,
615 2418 725 2467 quo
743 2401 857 2451 eius
879 2417 965 2467 ep
955 2400 1162 2467 scopus
1184 2403 1333 2452 obie-

332 2481 430 2525 rat.
505 2474 617 2524 Vbi
645 2490 770 2523 cum
806 2473 1171 2539 prouinciales
1198 2474 1333 2540 epis-

329 2546 453 2612 copi
490 2543 872 2611 de³e1igendo
911 2545 1165 2612 episcopo
1205 2563 1333 2596 con-

331 2619 605 2679 sultarent,
625 2618 887 2668 diuinitus
905 2619 1173 2668 admoniti
1198 2618 1332 2678 sunt,

332 2698 393 2741 vt
438 2707 563 2741 eum
610 2690 887 2755 eligerent,
933 2691 1025 2756 qui
1075 2690 1332 2755 postridie

332 2780 495 2814 mane
542 2762 805 2813 Nicolaus
854 2763 1077 2812 nomine
1122 2765 1330 2829 primus

329 2835 607 2887 ecclesiam
673 2835 1059 2900 ingrederetur.
1162 2834 1327 2901 Quod

330 2925 455 2959 cum
484 2907 758 2958 accidisset
795 2906 1045 2969 Nicolao‚
1080 2924 1328 2973 compre-

329 2979 525 3031 hensus
565 2981 634 3030 ab
671 2978 1084 3029 obseruantibus
1125 2996 1328 3044 magno

329 3049 650 3104 cuntfftorum
715 3050 971 3102 consensu
1043 3051 1328 3118 episcopus

325 3132 553 3175 creatur.
630 3123 793 3190 Quod
843 3140 1040 3174 munus
1082 3131 1198 3173 tam
1246 3141 1325 3174 re-

326 3196 526 3264 ligiose,
551 3205 664 3247 tam
695 3193 890 3256 sancte,
920 3197 1325 3262 prudenterque

326 3270 492 3336 gesfit‚
509 3277 569 3320 vt
590 3269 768 3318 omnis
787 3269 1002 3318 virtutis
1020 3285 1082 3318 ac
1101 3268 1324 3335 pietatis

324 3341 669 3392 clarissimum
749 3339 910 3390 fuerit
985 3340 1324 3406 exemplum,

327 3413 745 3478 maximumque
821 3412 895 3461 sui
978 3412 1320 3478 desyderium

323 3485 584 3536 vniuersae
639 3486 826 3550 Lyciae
872 3485 1110 3534 moriens
1155 3492 1322 3534 aetate

322 3558 471 3608 senili
511 3556 632 3623 ‚viij.
675 3557 795 3606 idus
838 3556 1160 3607 Decembris
1201 3556 1321 3606 reli-

406 3676 423 3703 1
455 3676 531 3719 die
554 3674 635 3719 ‚16.
661 3676 712 3718 in
736 3690 793 3717 m.
817 3676 871 3718 V.
926 3674 966 3717 6.
994 3676 1046 3718 R.
1070 3676 1115 3717 P.
1139 3676 1192 3718 A.

405 3735 423 3761 2
454 3734 660 3778 sancium
689 3749 696 3776 :
720 3736 774 3777 A.

406 3794 423 3820 3
457 3796 513 3836 dc
542 3808 654 3836 :mla
683 3794 729 3835 Ρ.

1202 262 1294 302 DE
1300 263 1575 306 CEMBER.

1438 363 1633 430 querit.
1673 364 1765 415 vbi
1804 365 2008 418 multis
2059 368 2228 420 etiam
2281 369 2441 455 mira
2509 356 2561 392 '³²'

1434 434 1569 486 culis
1597 435 1844 488 claruisse
1871 447 2220 492 memoratur.

1437 551 1494 607 (1
1532 547 1580 611 4
1573 547 1852 623 mbrofins
1885 550 2142 617 episcopus
2176 552 2497 620 confeſj'or.
2503 631 2506 633 .
2509 527 2566 601 -i

1723 621 1920 688 duplex
1955 640 2147 676 mutus,

1833 727 2039 781 Οναΐῑο.

1439 818 1678 921 DEuS,
1705 820 1797 886 qui
1836 820 2045 887 populo
2082 829 2178 873 tuo
2211 830 2434 876 aeternae

1585 891 1770 942 salutis
1813 892 2038 943 beatum
2080 894 2434 948 Ambrosium

1429 963 1730 1015 ministrum
1758 964 2028 1016 tribuisti:
2056 966 2252 1032 praesta
2284 972 2434 1050 quae-

1427 1034 1650 1087 sumus:
1681 1044 1739 1087 vt
1777 1054 1942 1103 quem
1980 1035 2265 1090 do&orem
2301 1040 2432 1092 vitae

1427 1105 1755 1158 habuimus
1743 1125 1796 1158 1n
1815 1110 2005 1160 terris:
2028 1109 2432 1164 intercessorem

1426 1178 1628 1230 habere
1664 1197 1974 1232 mereamur
2008 1182 2062 1232 in
2099 1182 2254 1234 coelis
2291 1201 2302 1235 :
2334 1201 2434 1252 per

1426 1252 1730 1303 dominum.

1764 1367 1946 1418 Lec‘Zio
1974 1367 2092 1435 .izj⁴.

1508 1459 1775 1510 Mbrosius
1845 1461 2264 1514 mediolanensis
2333 1481 2430 1516 an-

1569 1531 1721 1582 tistes
1765 1532 2060 1583 Ambrosio
2107 1542 2264 1600 patre
2308 1537 2430 1588 ciue

1427 1604 1685 1654 Romano
1721 1603 2427 1670 Galliam'administrante,

1426 1685 1587 1727 natus
1609 1676 1698 1737 est,
1722 1676 1892 1728 Cuius
1915 1678 1968 1726 in
1991 1694 2083 1728 ore
2105 1678 2437 1742 dormientis⁴

1425 1749 1477 1798 in
1508 1747 1692 1799 cunis⁵
1719 1766 1958 1800 examen
1982 1766 2150 1815 apum
2173 1752 2429 1817 praestan—

1421 1822 1556 1871 tiam
1602 1821 1701 1872 viri
1747 1822 2084 1888 portendens
2130 1823 2427 1876 consedisse

1423 1893 1603 1943 fertur.
1684 1893 1794 1945 Sed
1854 1894 2051 1944 Romae
2102 1893 2424 1947 liberalibus

1422 1965 1718 2032 disciplinis
1777 1966 2040 2025 erudituS,
2090 1966 2163 2018 ob
2215 1969 2421 2036 ingenij

1421 2039 1536 2089 eius
1559 2055 1790 2088 acumen
1808 2045 1863 2088 et
1885 2037 2172 2100 solertiam,
2192 2037 2224 2091 a
2247 2040 2423 2092 Probo

1420 2108 1697 2177 praefec‘tQ
1732 2118 1791 2161 vt
1834 2110 2115 2177 Liguriam
2150 2112 2423 2178 guberna-
2466 2175 2472 2181 .

1422 2192 1504 2234 ret
1563 2182 1762 2244 missuS‚
1814 2182 2196 2234 Mediolanum
2252 2185 2421 2238 venit.

1420 2255 1532 2306 Vbi
1587 2263 1806 2306 mortuo
1851 2256 2119 2306 auxentio
2165 2256 2420 2324 episcopo

1420 2329 1648 2386 arrian0‚
1668 2345 1793 2377 curn
1817 2327 2053 2394 populus
2076 2328 2127 2378 in
2151 2326 2420 2382 eleffldone

1419 2400 1662 2466 praesulis
1702 2399 1987 2459 diffideret,
2027 2407 2083 2450 et
2129 2400 2239 2467 ipse
2285 2401 2419 2453 sedi·

1419 2473 1585 2523 tionis
1650 2472 1903 2522 sedandae
1968 2471 2144 2523 studio
2201 2473 2271 2524 ad
2333 2491 2418 2524 ec-

1419 2544 1633 2594 clesiam
1674 2544 1993 2611 perrexisset
2035 2543 2209 2595 subita
2247 2547 2418 2597 totius

1419 2617 1607 2683 populi
1672 2633 1805 2666 voce
1864 2615 2217 2667 Ambrosium
2281 2618 2416 2684 epis-

1417 2706 1617 2756 copum
1683 2687 2053 2748 acclamantis,
2110 2689 2414 2741 incredibili

1418 2770 1472 2812 et
1524 2760 1923 2811 catholicorum
1970 2769 2025 2811 et
2075 2762 2414 2813 arrianorum

1416 2833 1672 2883 consensu
1697 2832 1948 2898 pontifex
1972 2832 2203 2898 eligitur.
2247 2833 2412 2901 Quod

1415 2923 1553 2955 onus
1580 2915 1635 2955 et
1670 2904 1705 2954 si
1741 2905 1834 2955 diu
1872 2904 2046 2955 subire
2073 2905 2412 2969 recusauerit,

1414 2985 1600 3028 tamen
1639 2976 2034 3028 Valentiniano
2082 2977 2414 3044 imperatore

1415 3047 1739 3100 ele6fionem
1780 3047 2014 3099 libenter
2052 3049 2411 3115 approbante,

1414 3139 1522 3171 non
1566 3124 1745 3188 potuit
1786 3121 1975 3187 populi
2016 3120 2167 3171 simul
2207 3139 2270 3172 ac
2310 3123 2410 3173 im-

1412 3195 1678 3260 peratoris
1717 3193 2002 3259 desyderio
2042 3202 2096 3243 et
2138 3193 2408 3246 voluntati

1413 3266 1658 3316 resistere.
1724 3265 1990 3332 Suscepto
2019 3265 2183 3330 igitur
2206 3266 2406 3332 episco-

1410 3346 1558 3404 patu,
1611 3356 1674 3388 ea
1729 3339 1858 3388 vitae
1920 3334 2292 3398 sancffimonia,
2344 3356 2407 3390 ac

1411 3427 1626 3460 morum
1681 3410 2010 3475 integritate,
2057 3406 2408 3462 auffeoritate-

1409 3500 1514 3549 que
1563 3499 1760 3532 munus
1799 3482 1988 3543 obiuit,
2028 3489 2086 3532 vt
2131 3482 2178 3532 ei
2225 3481 2406 3534 Theo-

1408 3554 1586 3605 dosius
1647 3555 1955 3620 imperator,
2015 3570 2126 3619 quo
2184 3553 2406 3606 iubente

1491 3671 1509 3698 4
1541 3673 1615 3715 die
1638 3684 1690 3725 ,7.
1715 3673 1766 3714 in
1792 3685 1848 3714 m.
1891 3684 1942 3714 10
1966 3672 2011 3715 P.
2028 3671 2090 3721 A.

1492 3731 1510 3757 5
1542 3731 1670 3773 cuius
1702 3731 1787 3773 :A.
