2606 4126
1130 250 1220 290 DE
1226 249 1494 290 CEMBER.

357 347 536 398 Lectio
562 347 651 415 iij.
665 346 956 413 secundam
985 345 1189 396 Lucam
1199 342 1228 394 ¹.

360 444 590 498 FaEtum
635 446 710 497 est
756 453 939 497 autem
981 445 1035 495 in
1079 443 1271 495 diebus

287 516 390 567 illis
416 517 554 583 exijt
579 515 817 568 edictum
845 524 944 568 etc.
1013 523 1162 566 carta
1189 516 1270 578 84.

358 610 417 666 ΙΙ
453 607 566 658 His
601 606 773 659 tribus
794 604 1131 673 sequentibus
1165 605 1270 655 die-

285 678 382 729 bus
405 677 551 729 nihil
565 678 782 745 penitus
812 677 1014 728 dicitur
1041 676 1106 727 de
1127 676 1269 727 nati-

285 747 464 810 uitate‚
514 749 642 815 quia
671 749 810 814 sunt
839 748 983 815 festa
1024 747 1267 814 duplicia,

269 819 554 886 sedpostea
579 819 734 886 vsqae
756 819 835 870 ad
852 819 1267 884 circuncistonem

282 890 473 956 agitur
510 890 734 957 officium
781 889 846 940 de
885 889 1181 948 natiuitate,
1221 897 1271 939 et

271 961 413 1028 festa
423 961 692 1028 simplicia
713 961 926 1012 interim
947 960 1267 1011 occurrentia

284 1032 545 1083 habebunt
584 1039 795 1083 tantum
840 1031 1054 1083 tertiam
1098 1031 1266 1082 leotio-

284 1120 413 1154 nem.

356 1196 412 1252 ΙΙ
444 1191 744 1260 Stephanus
754 1201 1130 1260 protomartyr.
1171 1192 1268 1243 du-

269 1264 400 1331 plex
452 1264 646 1316 minus.
694 1263 788 1314 hoc
832 1264 1034 1331 festum
1083 1281 1268 1344 qaam·

286 1335 372 1386 uis
392 1335 448 1401 s
450 1344 474 1386 t
507 1335 706 1402 duplex,
740 1353 828 1386 nec
861 1335 1017 1386 habet
1037 1336 1266 1401 primaS,

282 1407 640 1472 necsecnndas
665 1406 911 1473 vesperas,
935 1407 1062 1473 qaia
1077 1407 1274 1473 primoe

283 1477 538 1529 dicantur
583 1478 646 1529 de
693 1478 991 1541 natiuitate,
1028 1478 1274 1544 secandae

284 1549 349 1599 de
357 1549 546 1614 saneto
569 1550 780 1600 Ioanne.

302 1672 358 1728 {I
388 1668 488 1720 Ad
507 1668 836 1719 matutinum
864 1667 1254 1719 innitatorium.

357 1759 625 1813 Christum
671 1767 876 1821 natum,
916 1759 1009 1826 qui
1047 1759 1269 1811 beatum

285 1831 447 1883 hodie
482 1832 764 1882 coronauit
793 1831 1153 1898 Stephanum,
1182 1848 1269 1882 ve-

287 1904 400 1955 nite
426 1903 729 1954 adoremus

599 2017 656 2068 lL
664 2015 789 2066 eotio
815 2015 930 2083 ‚iffi

291 2109 671 2213 STephanus
689 2125 825 2159 vnus
843 2125 914 2159 ex
936 2107 1138 2174 septem
1157 2109 1272 2159 dia-

411 2181 573 2241 coniS,
614 2181 705 2246 qui
748 2187 970 2246 propter
1008 2180 1172 2230 fidem
1218 2187 1272 2230 et

285 2252 603 2319 sapientiam
647 2250 863 2301 fuerunt
902 2251 971 2301 ab
1015 2250 1271 2316 apostolis

285 2321 457 2385 eleffi,
498 2322 690 2389 plenus
730 2323 906 2388 gratia
956 2330 1010 2372 et
1061 2321 1294 2372 fortitu-·

283 2395 411 2446 dine
428 2394 624 2445 edebat
642 2410 822 2443 coram
844 2392 1048 2459 populo
1070 2410 1271 2459 magna

288 2465 558 2516 miracula.
613 2464 817 2516 Contra
844 2481 1006 2530 quem
1037 2481 1159 2514 cum
1189 2465 1270 2529 sy-

287 2554 532 2604 nagogae‚
579 2553 702 2603 quae
741 2536 1025 2586 dicebatur
1069 2535 1269 2586 liberti-

287 2625 479 2659 norum
508 2615 562 2659 et
597 2607 966 2673 cyrenensium
1003 2623 1066 2657 ac
1093 2606 1268 2657 Alex—

285 2680 653 2736 andrinorum,
694 2686 748 2728 et
799 2695 1001 2739 eorum,
1052 2678 1144 2744 qui
1195 2695 1267 2728 ex

289 2751 477 2803 Cilicia
505 2756 766 2801 venerant
793 2757 847 2800 et
875 2748 1015 2811 Afia,
1044 2750 1267 2815 quidam

287 2822 559 2889 disputare
593 2820 886 2887 coepissent,
915 2837 1012 2870 nec
1047 2822 1161 2871 eius
1194 2821 1269 2870 sa-

287 2894 508 2961 pientiae
559 2909 622 2942 ac
678 2892 897 2958 spiritui,
947 2893 1039 2957 qui
1084 2891 1270 2957 loque-

289 2967 449 3016 batur
509 2962 754 3014 obsistere
815 2963 1038 3029 possent,
1091 2962 1270 3012 subor-

287 3033 511 3087 narunt⁸
537 3034 813 3101 quosdam,
834 3034 925 3100 qui
955 3034 1005 3084 se
1031 3035 1272 3084 dicerent

290 3106 631 3173 Stephanum
673 3105 874 3155 audisse
914 3122 923 3155 :
957 3122 1079 3154 cum
1107 3105 1272 3155 verba

286 3177 634 3244 blasphemiae
676 3177 729 3226 in
771 3177 934 3226 deum
980 3193 1043 3226 ac
1084 3176 1271 3226 Mosen

287 3248 600 3317 protulisset.
654 3248 848 3313 Itaque
875 3247 1034 3326 plebe
1055 3264 1118 3297 ac
1139 3247 1272 3296 seni-

287 3321 484 3380 oribus,
512 3327 567 3369 et
605 3318 784 3368 scribis
819 3319 1117 3378 concitati5‚
1146 3335 1273 3367 con-

290 3391 550 3456 cursuque
612 3387 757 3439 facto
821 3390 874 3439 in
934 3389 1276 3454 Stephanum

291 3479 483 3513 manus
534 3460 781 3526 inijciunt
830 3477 840 3510 :
883 3460 1163 3526 ipsumque
1208 3460 1276 3509 ad

2241 238 2330 287 181

1357 342 1496 394 falfis
1523 343 1760 405 testibu8‚
1778 345 1869 410 qui
1896 345 2137 397 dicerent
2164 347 2333 413 ipsum

1358 414 1411 464 in
1439 414 1616 465 locum
1645 413 1885 465 sanctum
1924 423 1978 466 et
2012 415 2189 482 legem
2219 418 2334 469 soli-

1356 492 1472 535 tum
1500 485 1604 535 esse
1630 487 1971 536 continenter
2002 487 2143 538 male
2171 488 2333 555 loqui,

1355 563 1410 606 et
1459 555 1727 607 affirmare
1779 556 1954 607 Iesum
2006 574 2334 610 nazarenum

1357 626 1534 677 locum
1586 627 1736 677 illum
1788 628 1891 677 esse
1936 628 2335 682 demoliturum.

1355 706 1409 748 et
1437 714 1628 758 moreS‚
1655 715 1792 764 quos
1823 698 1999 749 Moses
2026 701 2337 761 tradidisset,

1354 775 1704 819 mutaturum.
1781 770 2030 835 Rogatus
2082 770 2244 836 igitur
2305 770 2337 822 a

1353 839 1595 906 principe
1634 840 1970 890 sacerdotum
2006 848 2184 891 vtrum
2211 859 2337 892 vera

1353 910 1531 967 essent,
1543 927 1665 976 quae
1683 910 1775 976 ips1
1793 912 1881 960 obi
1883 911 2337 979 jcerentur,longe

1354 982 1585 1047 repetita
1646 983 1967 1042 narratione,
2032 983 2204 1037 multa
2265 986 2333 1034 de

1355 1051 1538 1118 figuris
1590 1054 1786 1103 veteris
1843 1052 2162 1113 testamenti,
2213 1071 2335 1120 quae

1355 1131 1641 1174 venturum
1670 1123 1920 1174 christum
1949 1124 2334 1190 fignificabant,

1355 1195 1527 1244 multa
1576 1195 1740 1246 etiam
1786 1196 1857 1245 de
1900 1195 2208 1246 Iudaeorum
2260 1197 2338 1246 in-

1355 1273 1599 1316 ueterata
1648 1266 1887 1332 perfidia,
1930 1274 1984 1316 et
2023 1268 2338 1332 peruicacia,

1355 1354 1419 1386 ac
1445 1336 1832 1403 prophetarum
1852 1337 2218 1403 persecutione
2239 1339 2338 1388 dis-

1357 1408 1528 1458 seruit.
1563 1407 1775 1474 Quibus
1795 1409 2077 1459 audientes
2096 1409 2168 1458 illi
2188 1426 2338 1474 mag-

1357 1495 1558 1546 nopere
1603 1480 1991 1529 cruciabantur.
2070 1478 2336 1545 Spe&ans

1356 1567 1517 1616 porro
1544 1551 1596 1600 in
1625 1551 1839 1610 coelum,
1868 1552 2009 1600 Ecce
2038 1551 2158 1615 (ait)
2178 1552 2338 1601 video

1355 1621 1522 1671 coelos
1549 1633 1781 1687 apertos,
1807 1629 1862 1672 et
1897 1621 2066 1671 fillum
2103 1622 2339 1672 hominis

1356 1692 1586 1743 stantem
1632 1691 1663 1742 a
1713 1693 1922 1743 dextris
1972 1694 2184 1743 virtutis
2236 1694 2335 1743 dei.

1358 1763 1584 1814 Illivero
1603 1763 1973 1814 exclamantes
1991 1781 2122 1813 voce
2141 1781 2339 1829 magna

1356 1836 1789 1900 comprimebant
1810 1852 1963 1885 aures
1988 1835 2115 1894 suas,
2139 1844 2192 1884 et
2214 1852 2337 1885 eum

1357 1907 1564 1971 impetu
1594 1904 1736 1956 saeco
1772 1915 1929 1955 extra
1957 1906 2141 1955 vrbem
2170 1907 2337 1956 eiece—

1359 1985 1499 2037 runt,
1526 1984 1579 2028 et
1618 1977 1889 2042 lapidibus
1925 1974 2228 2027 obruebant
2261 1977 2338 2026 in-

1359 2055 1648 2099 uocantem
1689 2056 1743 2098 et
1781 2049 2067 2106 dicentem,
2102 2047 2338 2098 Domine

1360 2119 1477 2170 Iesu
1500 2119 1698 2185 suscipe
1716 2119 1958 2185 spiritum
1981 2136 2175 2169 meum.
2220 2119 2339 2168 Pos-

1359 2199 1535 2242 tremo
1585 2207 1708 2241 cum
1751 2190 1980 2255 genibus
2020 2190 2178 2239 flexis
2234 2191 2341 2240 cla-

1358 2262 1547 2312 masset
1583 2279 1716 2312 voce
1757 2278 1970 2326 magna,
1998 2261 2235 2311 Domine
2274 2278 2341 2311 ne

1358 2333 1559 2383 statuas
1604 2333 1706 2382 illis
1752 2333 1854 2382 hoc
1899 2341 2198 2397 peccatum,
2240 2333 2340 2381 mi-

1356 2405 1535 2470 grauit
1580 2405 1648 2454 ad
1695 2404 1977 2453 dominum
2024 2405 2180 2452 nonis
2223 2403 2341 2453 Au-

1355 2475 1505 2542 gusti,
1534 2470 1785 2541 quamuis
1824 2474 2014 2524 festum
2051 2475 2165 2524 eius
2204 2475 2341 2524 cele-

1356 2548 1541 2598 bretur
1567 2547 1665 2611 .vij.
1700 2546 1954 2596 calendas
1985 2545 2236 2610 Ianuarij.

1748 2669 1949 2721 Oratio

1365 2776 1524 2879 DA
1567 2776 1722 2826 nobis
1773 2775 2079 2841 quaesumus
2120 2776 2342 2825 domine

1507 2848 1717 2906 imitari,
1765 2847 1911 2912 quod
1957 2847 2183 2896 colimus
2230 2865 2239 2895 z
2284 2854 2342 2896 vt

1356 2919 1624 2970 discamus
1671 2926 1724 2968 et
1770 2918 2015 2967 inimicos
2060 2917 2284 2983 diligere
2333 2936 2342 2967 :

1356 2991 1484 3056 quia
1522 2991 1636 3040 eius
1676 2989 1925 3038 natalitia
1963 2988 2299 3038 celebramus
2330 3004 2341 3038 :

1357 3063 1449 3128 qui
1483 3061 1634 3110 nouit
1668 3062 1832 3109 etiam
1871 3076 1967 3125 pro
1996 3059 2344 3124 persecutori-

1358 3134 1459 3183 bus
1502 3148 1730 3181 exorare
1775 3132 2058 3180 dominum
2105 3130 2341 3180 nostrum

1359 3203 1533 3253 Iesum
1583 3202 1850 3252 Christum
1904 3202 2075 3250 filium
2125 3209 2281 3251 tuum
2333 3218 2343 3251 :

1357 3275 1449 3340 qui
1478 3283 1658 3324 tecum
1687 3281 1786 3322 etc.

1435 3390 1489 3444 (I
1532 3385 1754 3436 Ioannes
1792 3384 2043 3451 apostolas
2091 3392 2142 3433 et
2187 3402 2344 3434 enan-

1354 3457 1555 3524 gelista.
1606 3456 1794 3522 duplex
1838 3456 2026 3506 maias
2102 3455 2203 3504 Ad
2241 3455 2347 3520 ves-

290 3534 575 3585 concilium
641 3531 970 3592 abstrahunt,
1021 3530 1278 3581 submisfis
1353 3539 1513 3595 peras
1548 3535 1598 3578 et
1637 3528 1963 3577 matutinam
2002 3526 2254 3592 Hymnus
2301 3535 2351 3576 et

405 3666 420 3693 1
464 3667 630 3722 Vthep
658 3666 723 3708 26.
777 3663 904 3721 [Luc.
930 3664 972 3707 ii.
1004 3662 1174 3719 1—2o,]

1506 3659 1522 3686 2
1554 3659 1626 3702 die
1649 3660 1730 3701 2.6‚
1755 3660 1806 3700 in
1828 3673 1885 3700 m.
1943 3658 2039 3700 Om.
2068 3658 2112 3699 P.

1067 3722 1084 3748 3
1115 3722 1511 3764 subo1·:nauerunt
1538 3719 1583 3761 1.
