2522 4114
867 278 1183 328 DOMJNJZ'A
1222 286 1313 326 AD
1350 285 1611 326 LAUDES.
2244 284 2272 335 3

281 380 354 432 Et
393 382 570 433 erexit
610 398 776 432 cornu
818 381 1001 432 salutis
1040 381 1198 432 nobis

207 451 261 502 in
287 453 454 503 domo
479 453 646 504 dauid
673 453 824 519 pueri
852 452 942 505 sui.

280 522 434 574 Sicut
459 523 671 575 locutus
692 523 766 574 est
786 539 883 589 per
901 540 962 573 os
989 521 1195 574 sand‘to-

207 609 326 643 rum
370 595 462 660 qui
506 611 539 646 a
582 594 758 646 seculo
802 594 923 645 sunt
965 594 1197 661 prophe-

206 671 384 715 tarum
412 665 541 717 eius,

280 735 527 787 Salutem
567 753 640 788 ex
681 736 912 787 inimicis
953 735 1143 786 nostris
1186 751 1197 787 :

206 813 260 857 et
286 807 356 858 de
383 824 547 859 manu
574 808 818 859 omnium
845 807 939 874 qui
965 808 1198 858 oderunt

205 894 318 928 nos,

277 948 371 999 Ad
421 949 728 1001 faciendam
774 949 1194 1002 misericordiam

206 1036 329 1070 cum
364 1021 610 1087 patribus
641 1021 831 1072 nostris
866 1039 878 1073 ε
908 1030 963 1074 et
989 1038 1196 1073 memo-

205 1091 307 1142 rari
334 1091 641 1143 testamenti
669 1092 743 1143 sui
771 1090 949 1144 sandfi.

277 1162 672 1226 Iusiurandum,
704 1165 853 1230 quod
894 1164 1093 1215 iurauit
1124 1164 1194 1214 ad

206 1233 466 1285 abraham
511 1242 724 1301 patrem
769 1235 1007 1287 nostrum
1050 1254 1060 1286 :
1101 1236 1198 1286 da-

205 1312 386 1356 turum
414 1305 465 1356 se
491 1306 660 1357 nobiS.

277 1377 358 1428 Vt
396 1376 504 1428 fine
542 1377 739 1429 timore
778 1378 848 1429 de
889 1395 1054 1429 manu
1097 1378 1195 1428 ini-

209 1447 470 1499 micorum
492 1448 792 1500 nostrorum
815 1449 1029 1501 liberati
1058 1468 1067 1500 :
1095 1449 1198 1500 ser-

206 1519 420 1570 uiamus
446 1519 536 1571 illi.

281 1591 346 1641 In
374 1589 657 1642 sanffitate
689 1599 744 1643 et
778 1591 977 1643 iustitia
1011 1608 1194 1643 coram

207 1662 327 1729 ipso
357 1678 369 1714 ε
396 1663 650 1713 omnibus
675 1664 868 1715 diebus
896 1663 1100 1715 nostris,

279 1733 353 1784 Et
391 1741 450 1785 tu
485 1751 620 1801 puer
657 1735 925 1801 propheta
963 1735 1197 1786 altisfimi

206 1805 484 1856 vocaberis
542 1825 553 1856 :
607 1807 826 1872 praeibis
876 1808 1022 1858 enim
1067 1814 1197 1858 ante

206 1876 400 1927 faciem
427 1876 635 1928 domini
662 1894 852 1944 parare
877 1879 992 1929 vias
1019 1879 1146 1929 eius

277 1947 371 1998 Ad
412 1948 653 2000 dandam
694 1949 971 2000 scientiam
1013 1949 1196 2000 salutis

206 2018 352 2085 plebi
387 2020 503 2070 eius
541 2038 552 2071 :
591 2021 645 2071 in
680 2022 1036 2072 remisfionem
1072 2038 1196 2089 pec-

206 2098 451 2142 catorum
478 2108 681 2143 eorum.

279 2163 380 2213 Per
426 2163 626 2214 viscera
684 2163 1061 2215 misericordiae
1107 2163 1195 2214 dei

206 2233 383 2296 nostri,
438 2235 492 2285 in
550 2235 748 2302 quibus
804 2236 1039 2287 vifitauit
1096 2252 1196 2286 nos

205 2306 382 2356 oriens
409 2322 481 2356 ex
509 2306 635 2358 alto,

280 2377 597 2429 Illuminare
631 2377 715 2429 his
741 2379 834 2444 qui
862 2378 916 2429 in
942 2379 1196 2440 tenebris,

207 2455 262 2499 et
287 2449 480 2500 vmbra
506 2450 696 2501 mortis
722 2449 909 2501 sedent
936 2469 946 2500 :
973 2451 1043 2502 ad
1071 2452 1196 2501 diri-

206 2518 415 2585 gendos
464 2522 633 2588 pedes
688 2521 896 2573 nostros
946 2523 1001 2573 in
1050 2522 1196 2574 viam

207 2608 370 2658 pacis.

233 2708 287 2764 (I
327 2706 430 2758 Ad
446 2693 706 2773 primam
781 2707 1039 2774 Psalmus
1076 2718 1177 2773 ..53

236 2806 489 2874 :f²Eus
545 2814 600 2865 in
658 2815 879 2865 nomine
935 2822 1074 2865 tuo..
1088 2815 1199 2866 .-de

243 2883 245 2890 ’
408 2884 588 2951 spexit
612 2886 800 2937 oculus
827 2903 994 2938 meus,

535 2977 792 3043 Psalmus
831 2992 872 3029 .1
890 2980 965 3030 18.

222 3058 439 3183 BEtati
509 3061 890 3115 immaculati..
901 3063 1200 3115 ,sermones

372 3149 484 3184 uos,

326 3204 558 3256 Etribue
593 3204 746 3257 seruo
781 3213 921 3257 tuo„
934 3223 1079 3257 ,cum
1116 3206 1198 3257 di-

359 3276 535 3328 latasti
559 3294 653 3327 cor
680 3294 877 3328 meum.

216 3365 522 3431 Symbolum
541 3365 589 3416 Α
603 3366 838 3435 thanastj
854 3367 1077 3434 epistopi.
1121 3368 1177 3418 E
1182 3377 1205 3419 t

209 3438 412 3489 dicitur
447 3446 660 3489 tantum
706 3439 763 3489 in
803 3439 1084 3491 dominicis
1120 3440 1202 3491 di-

212 3508 333 3559 ebus
349 3526 368 3560 .·
418 3509 532 3560 Per
584 3510 965 3562 hebdomadam
1026 3520 1203 3562 autem

196 3579 433 3646 singulis
450 3579 464 3605 ²
499 3580 681 3632 diebus
709 3582 822 3633 eius
855 3583 957 3634 loco
989 3582 1203 3636 dicitur.

213 3651 403 3703 Credo,

426 3744 439 3769 ¹
472 3724 707 3803 singularis
737 3749 821 3793 :A.

1059 3750 1076 3777 2
1107 3757 1151 3794 et
1183 3754 1336 3796 :omit.
1364 3754 1411 3795 P.

1399 380 1691 447 Vicunque
1727 378 1846 431 vult
1884 379 2060 431 saluus
2105 381 2209 432 esse
2266 399 2277 433 z

1443 458 1572 501 ante
1630 452 1816 501 omnia
1874 468 2011 518 opus
2071 452 2146 503 est
2210 459 2270 503 vt

1278 527 1465 572 teneat
1491 522 1814 573 catholicam
1842 521 2020 573 fidem.

1352 591 1535 658 Quam
1580 593 1672 643 nis1
1717 593 1940 659 quisque
1984 595 2269 659 integram,

1278 661 1707 729 inuiolatamque
1724 664 2013 715 seruauerit
2039 684 2049 716 z
2069 665 2269 732 absque

1278 733 1447 784 dubio
1474 735 1795 786 inaeternum
1824 735 2033 802 peribit.

1352 805 1515 856 Fides
1577 814 1762 857 autem
1822 806 2091 858 catholica
2148 806 2269 858 haec

1280 875 1354 926 est
1394 894 1403 926 :
1442 884 1501 927 vt
1527 894 1694 928 vnum
1730 878 1894 928 deum
1931 878 1984 928 in
2013 878 2271 941 trinitate,

1280 945 1361 997 et²
1394 948 1693 999 trinitatem
1725 950 1779 999 in
1811 949 2019 1000 vnitate
2053 966 2273 1001 venere-

1280 1034 1414 1070 mur.

1353 1089 1547 1157 Neque
1567 1089 1966 1142 confundentes
1986 1091 2239 1158 personas
2261 1109 2272 1144 ε

1279 1177 1457 1227 neque
1483 1161 1833 1213 substantiam
1861 1162 2182 1230 separantes,

1351 1232 1482 1283 Alia
1523 1232 1598 1283 est
1638 1233 1780 1284 enim
1824 1234 2050 1300 persona
2089 1235 2275 1300 patriS‚

1279 1302 1386 1354 alia
1412 1303 1505 1370 filij
1537 1323 1547 1355 ε
1573 1304 1679 1355 alia
1705 1304 1917 1371 spiritus
1945 1302 2123 1356 sand'ci.

1352 1374 1464 1426 Sed
1503 1376 1687 1442 patriS,
1724 1382 1780 1426 et
1821 1375 1932 1442 filij,
1966 1384 2021 1428 et
2061 1376 2274 1443 spiritus

1279 1444 1447 1496 sancffl
1467 1464 1574 1497 vna
1601 1447 1675 1498 est
1700 1447 1959 1498 diuinitas
2001 1464 2013 1498 ε
2048 1449 2275 1515 aequalis

1279 1517 1481 1582 gloria:
1520 1526 1793 1569 coaeterna
1820 1518 2084 1571 maiestas,

1352 1588 1546 1655 Qualis
1583 1597 1752 1656 pater,
1777 1589 1902 1641 talis
1938 1590 2081 1642 filius
2110 1606 2123 1642 ε
2148 1589 2273 1642 talis

1279 1659 1493 1726 spiritus
1520 1659 1746 1713 san6'm5.

1353 1732 1633 1783 Increatus
1684 1740 1851 1799 pater,
1893 1733 2162 1784 increatus
2214 1732 2273 1784 fi-

1279 1801 1381 1853 lius
1410 1822 1420 1853 z
1446 1804 1715 1855 increatus
1742 1804 1954 1870 spiritus
1982 1803 2210 1856 san&uS.

1353 1874 1656 1925 Immensus
1738 1883 1907 1942 pater,
1981 1876 2273 1940 immensus

1279 1944 1419 1996 filius
1447 1965 1458 1996 ι
1485 1946 1776 1997 immensus
1804 1946 2017 2013 spiritus
2044 1945 2271 1999 sanctus,

1352 2017 1590 2068 Eternus
1617 2025 1785 2084 pater,
1813 2026 2049 2070 aeternus
2086 2018 2229 2070 filius
2260 2036 2271 2070 :

1278 2096 1514 2139 aeternus
1542 2089 1754 2155 spiritus
1780 2088 2007 2141 sanotuS.

1353 2161 1428 2210 Et
1453 2168 1638 2211 tamen
1668 2177 1775 2211 non
1798 2169 1906 2212 tres
1928 2161 2116 2213 aeterni
2144 2179 2154 2212 ε
2182 2161 2270 2213 sed

1279 2248 1416 2282 vnus
1443 2239 1692 2283 aeternus,

1353 2302 1508 2354 Sicut
1557 2319 1665 2353 non
1721 2310 1830 2354 tres
1883 2303 2123 2366 increati,
2173 2320 2272 2355 nec

1280 2380 1389 2424 tres
1422 2374 1680 2436 immenfi,
1708 2374 1796 2425 sed
1823 2392 1961 2426 Vnus
1988 2376 2272 2438 increatus,

1280 2453 1335 2496 et
1361 2462 1498 2496 vnus
1526 2446 1838 2498 immensus,

1354 2516 1617 2568 Similiter
1688 2519 2036 2585 omnipotens
2104 2525 2274 2585 pater,

1280 2589 1630 2655 omnipotens
1680 2589 1824 2639 filius
1872 2606 1884 2641 :
1925 2590 2275 2656 omnipotens

1282 2659 1497 2726 spiritus
1524 2657 1757 2712 san-stus.

1354 2731 1430 2783 Et
1478 2738 1665 2782 tamen
1716 2749 1826 2783 non
1871 2739 1980 2783 tres
2025 2731 2277 2800 omnipo-

1281 2810 1474 2864 tenteS,
1501 2801 1589 2854 sed
1616 2820 1754 2854 Vnus
1780 2805 2144 2871 omnipotens,

1356 2875 1444 2925 Ita
1493 2875 1628 2925 deus
1678 2882 1846 2941 pater,
1893 2876 2028 2926 deus
2072 2875 2214 2926 filius
2259 2893 2272 2926 z

1281 2946 1416 2996 deus
1442 2944 1654 3013 spiritus
1682 2945 1910 2998 sanctus,

1355 3018 1430 3067 Et
1472 3024 1658 3067 tamen
1703 3034 1814 3068 non
1859 3025 1967 3068 tres
2007 3017 2081 3085 dij

1280 3105 1419 3140 vnus
1446 3088 1520 3138 est
1547 3089 1693 3139 deus

1358 3160 1445 3210 Ita
1494 3160 1749 3210 dominus
1800 3167 1967 3226 pater,
2019 3160 2276 3211 dominus

1284 3230 1426 3281 filius
1458 3247 1468 3281 :
1495 3231 1750 3282 dominus
1778 3231 1991 3298 spiritus
2018 3229 2244 3282 sanctus.

1357 3302 1432 3353 Et
1480 3309 1666 3352 tamen
1713 3320 1820 3353 non
1862 3310 1971 3354 tres
2014 3303 2222 3354 domini
2264 3321 2277 3354 ε

1283 3373 1379 3423 sed
1406 3390 1545 3423 vnus
1572 3374 1646 3424 est
1673 3375 1942 3426 dominus,

1358 3443 1503 3510 Quia
1541 3444 1672 3496 ficut
1713 3443 2050 3511 fingillatim³
2086 3461 2276 3496 vnam-

1286 3533 1542 3581 quanque
1613 3516 1897 3582 personam
1968 3518 2149 3578 deum,
2211 3532 2275 3566 ac

1285 3588 1571 3637 dominum
1660 3588 1904 3639 confiteri
1991 3587 2276 3638 christiana

1284 3658 1513 3709 veritate
1562 3659 1942 3725 compellimur
1990 3675 2000 3709 :
2044 3659 2120 3709 ita
2167 3666 2274 3709 tres

1659 3750 1676 3776 ³
1708 3754 1935 3810 figillatim
1965 3769 1973 3797 :
1999 3755 2046 3796 P.

2000 3853 2130 3889 1—-2

2129 3034 2140 3070 ε
2185 3016 2274 3070 sed
