2522 4114
1111 257 1254 309 xxxi

233 414 331 466 smt
363 413 580 481 singulis
612 412 768 464 annis
795 411 943 463 inter
967 411 1280 477 vigesimam
1307 409 1524 460 tertiam
1552 408 1668 476 post
1697 408 2039 475 pentecosten
2070 416 2124 459 ct

233 498 465 564 primam
499 496 785 556 aduentUS‚
813 501 868 545 et
903 494 1136 544 totidem
1174 509 1297 544 cum
1334 493 1436 543 suis
1463 492 1824 543 hebdomadis
1851 492 2025 542 sum-at
2052 509 2124 542 ex

232 583 434 635 vltimis
459 581 792 648 vagantium.
868 579 1129 645 Exempli
1163 579 1353 646 gratia,
1380 578 1413 628 s1
1450 577 1752 629 interfuerit
1778 585 1993 628 tantum
2020 594 2126 627 vna

233 667 507 718 dominica
539 673 670 716 tunc
703 664 963 715 sumenda
989 663 1063 713 est
1090 664 1283 728 quinta
1308 661 1644 727 vagantium,
1671 660 1704 710 s1
1733 678 1862 711 vero
1896 661 2018 711 duae
2047 660 2126 710 in-

233 751 543 818 cipiendum
583 749 658 800 est
695 765 728 799 a
765 755 973 814 quarta.
1012 747 1047 797 fi
1085 754 1209 807 treS,
1248 763 1280 796 a
1324 746 1501 807 tertia,
1539 753 1594 796 et
1632 745 1700 795 fic
1737 745 1805 794 de
1844 743 1976 809 alijs.
2053 743 2127 794 Et

234 825 389 888 iuxta
415 835 556 886 hanc
584 833 828 901 regulam
856 832 1086 893 eueniet,
1115 832 1336 898 quando
1363 830 1564 881 fuerint
1602 829 1997 896 quinquaginta
2018 835 2128 878 tres

233 921 536 982 dominicae‚
579 927 639 971 vt
682 918 1053 985 incipiendum
1096 917 1156 967 s1t
1201 916 1272 966 ab
1316 933 1393 973 ea,
1436 933 1559 982 quae
1601 915 1793 966 vltimo
1834 914 1955 964 loco
1989 908 2128 976 le&a

136 1031 140 1034 ·
233 1005 394 1056 fuerit
427 1011 554 1055 ante
589 1001 1050 1070 septuagesimam.
1126 1000 1427 1066 Nunquam
1455 1006 1639 1049 autem
1667 998 1911 1061 accidere
1937 998 2127 1064 potest,

233 1092 398 1142 etiam
426 1089 461 1139 s1
488 1089 587 1140 sint
613 1088 1010 1155 quinquaginta
1034 1093 1150 1138 tres,
1166 1086 1472 1146 dominicae,
1491 1091 1549 1135 vt
1571 1082 1687 1148 sex¹
1710 1082 1860 1134 ssmul
1889 1083 2130 1134 incidant

234 1178 374 1228 inter
397 1175 614 1226 tertiam
642 1174 759 1240 post
785 1173 1087 1223 aduentum
1110 1178 1164 1222 et
1186 1170 1649 1237 septuagefimam,
1671 1175 1766 1219 aut
1791 1168 1976 1234 postea
1993 1169 2132 1219 inter

233 1261 543 1329 vigeslmam
571 1260 788 1311 tertiam
815 1257 934 1325 post
958 1257 1307 1325 pentecosten
1337 1264 1391 1307 et
1417 1257 1651 1323 primam
1680 1252 1986 1306 aduentus².

874 1416 930 1472 (1
960 1413 1045 1463 De
1066 1429 1206 1463 anno
1233 1411 1488 1478 bissextili.

340 1541 395 1597 (Ι
438 1537 761 1589 Notandum
800 1537 949 1604 quod
988 1553 1133 1587 anno
1173 1536 1445 1597 bissextili,
1483 1536 1612 1601 quia
1649 1541 1781 1584 tunc
1831 1533 2130 1585 februarius

235 1624 432 1675 dicitur
463 1623 664 1673 habere
694 1614 812 1673 dies
844 1619 1041 1673 xxix?
1077 1621 1165 1672 die
1205 1622 1392 1672 xxiiii.
1433 1621 1613 1687 agitur
1649 1621 1719 1670 de
1757 1619 1903 1680 feria,
1941 1626 1996 1669 et
2034 1635 2133 1684 pro

235 1709 395 1759 tertia
446 1705 680 1758 lectione
731 1707 994 1772 repetitur
1041 1706 1202 1757 tertia
1252 1706 1611 1772 praecedentis
1662 1704 1783 1757 diei.
1858 1704 1962 1754 Die
2002 1720 2133 1754 vero

234 1810 381 1843 xxv.
409 1792 587 1858 agitur
617 1792 686 1842 de
722 1788 907 1841 sancto
944 1790 1173 1849 Mathia,
1203 1797 1488 1856 reputatur
1520 1790 1666 1840 enim
1702 1805 1802 1854 pro
1828 1788 1916 1839 die
1943 1787 2132 1852 xxiiij.

237 1877 311 1928 Et
336 1876 452 1927 dies
478 1877 644 1928 ,xxvi
666 1883 948 1942 reputatur
973 1892 1071 1942 pro
1097 1893 1244 1926 xxv.
1267 1882 1321 1925 et
1348 1874 1414 1925 s1c
1441 1874 1509 1925 de
1536 1873 1728 1924 ceteris
1753 1872 1944 1923 diebus
1969 1858 2134 1938 Vsque

236 1964 304 2014 ad
333 1962 495 2013 finem
525 1961 730 2013 mensis,
807 1961 952 2011 Nam
989 1961 1137 2027 quod
1172 1961 1407 2027 pertinet
1435 1960 1502 2010 ad
1532 1958 1784 2024 psalmOS,
1809 1965 1864 2008 et
1899 1951 2132 2024 primam

236 2065 299 2098 ac
338 2047 627 2098 secundam
663 2043 954 2097 lectionem
996 2046 1130 2096 nihil
1167 2045 1328 2096 refert
1361 2045 1420 2096 sit
1456 2062 1524 2096 ne
1552 2061 1726 2095 annus
1752 2043 2035 2095 bissextilis
2063 2060 2129 2094 an

238 2150 359 2184 non.

237 2287 292 2343 ΙΙ
325 2281 715 2349 Quidstngulis
738 2281 919 2334 diebus
942 2281 1325 2333 aduertendum
1352 2289 1635 2346 antequam
1663 2278 1875 2330 dicatur
1897 2279 2132 2346 officium.

343 2411 398 2467 CI
441 2405 702 2459 Dicturus
729 2425 858 2475 ergo
885 2408 1121 2458 officium
1151 2407 1397 2457 diuinum
1425 2404 1642 2472 singulis
1670 2405 1862 2454 diebus
1889 2405 2134 2456 animad-

240 2501 449 2545 uertere
483 2493 650 2544 debet
689 2492 750 2543 sit
785 2509 853 2542 ne
887 2492 1177 2552 dominica,
1205 2507 1273 2540 an
1309 2490 1454 2550 feria,
1481 2495 1575 2538 aut
1603 2487 1903 2548 sabbatum,
1931 2495 1985 2538 et
2011 2505 2135 2554 quae

238 2578 522 2629 dominica.
562 2575 647 2628 vel
686 2593 809 2642 quae
849 2576 996 2627 feria.
1037 2576 1168 2626 item
1207 2581 1408 2641 quotus
1447 2573 1564 2622 dies
1603 2571 1794 2621 menfis
1834 2571 1908 2636 fit,
1936 2571 2135 2622 deinde

240 2663 484 2730 inspiciat
519 2663 573 2713 in
612 2661 938 2713 Calendario
977 2661 1107 2727 quid
1148 2678 1214 2711 eo
1252 2661 1342 2711 die
1381 2666 1639 2710 occurrat.
1680 2656 1948 2709 videlicet.
1986 2660 2134 2724 quod

238 2748 428 2799 festum
455 2755 550 2799 aut
576 2765 700 2814 quae
726 2748 886 2798 tertia
913 2745 1074 2798 lectio
1102 2746 1163 2797 fit
1190 2747 1464 2811 assignata,
1493 2752 1548 2795 et
1575 2744 1642 2794 s1c
1669 2761 1741 2794 ex
1770 2742 2136 2810 suprascriptis

240 2834 437 2900 regulis
466 2834 566 2884 erit
591 2834 639 2884 ei
678 2832 998 2883 facillimum
1027 2833 1168 2893 scire,
1196 2832 1342 2898 quod
1371 2831 1609 2880 officium
1637 2846 1811 2896 agere,
1839 2845 1977 2895 quos
2004 2830 2134 2880 item

241 2919 490 2986 psalmOS,
516 2927 569 2969 et
596 2936 730 2985 quas
759 2917 1020 2969 lectiones
1048 2917 1225 2984 legere
1252 2914 1491 2967 debeat⁴.

297 3117 314 3146 1
343 3118 416 3161 sex
446 3133 455 3161 :
475 3120 598 3161 omit.
621 3120 676 3162 A.
1232 3118 1340 3160 vide
1358 3117 1497 3159 etiam
1511 3118 1560 3171 p.
1584 3115 1685 3158 xxii.

299 3174 317 3199 ²
348 3176 409 3228 (Γ
445 3177 664 3220 Similiter
686 3176 886 3219 officium
908 3173 1147 3220 defuneto·
1289 3174 1307 3201 3
1336 3176 1411 3217 xix
1438 3188 1446 3216 ε
1470 3175 1513 3216 Α
1531 3178 1617 3227 per
1634 3186 1847 3215 errorem.

243 3248 342 3276 rum
373 3248 465 3277 non
495 3234 660 3277 dicitur
689 3235 767 3276 nisi
799 3235 935 3276 semel
966 3241 1147 3276 tantum
1290 3231 1307 3259 4
1337 3233 1434 3274 Hic
1462 3232 1595 3273 addit
1626 3233 1673 3273 P.
1715 3230 1939 3273 Tabulam
1980 3230 2137 3272 litera-

243 3291 291 3334 in
319 3292 510 3335 crastino
539 3293 744 3335 omnium
770 3291 1043 3345 sanctorum,
1070 3292 1147 3334 sed
1234 3305 1340 3333 rum
1372 3289 1736 3342 dominicalium,
1779 3289 1992 3330 Aureum
2034 3288 2136 3330 Nu-

245 3349 425 3402 smgulis
447 3350 610 3393 diebus
638 3351 687 3392 fit
715 3350 940 3393 memoria
960 3350 1018 3392 de
1043 3349 1146 3405 ipsis
1232 3362 1422 3402 merum,
1438 3353 1483 3390 et
1504 3348 1732 3390 Canonem
1747 3346 2135 3389 [Voviluniorum.

244 3408 534 3451 terminando
562 3408 757 3464 fingulas
785 3409 922 3451 horas
951 3421 1044 3464 per,
1074 3407 1149 3449 Fi·
1244 3407 1348 3449 Vide
1378 3406 1508 3462 infra
1520 3408 1570 3461 p.
1594 3405 1622 3447 1.

247 3465 418 3508 delium
459 3467 626 3509 animae
672 3467 782 3510 &c.:
833 3466 934 3508 add.
979 3467 1032 3508 A.
1060 3465 1155 3522 sed
