2522 4114
1095 268 1279 318 xxxiii

553 536 997 588 IANVARIVS
1052 536 1321 587 HABET
1373 536 1555 588 DIES
1608 536 1823 588 XXXI.

207 767 304 810 Au.
338 780 416 810 nu.
509 767 635 809 Dies.
928 764 1073 819 Festa,
1096 769 1142 807 et
1159 765 1266 807 alice
1296 765 1339 806 T
1332 765 1459 807 ertice
1481 764 1700 808 leiliones.
1980 764 2069 821 fol.
2109 762 2199 821 [p.]

220 850 281 892 iii
356 850 400 892 A
463 848 680 893 Calendis
778 860 795 891 1
834 848 1112 903 Circuncisto
1137 847 1308 902 Christi
1323 847 1498 903 duplex
1516 848 1681 890 maius.
1990 857 2066 903 571
2094 844 2217 903 [102]

365 921 397 964 b
481 921 561 964 iiii
578 935 648 963 no.
775 932 800 962 2
835 919 1024 962 Bafilius
1046 918 1283 975 episcopus
1306 918 1536 962 confessor.
1691 919 1810 961 Fuit
1828 918 1932 962 heri
1990 930 2069 981 571
2095 916 2218 975 [102]

220 994 277 1036 xi
367 1005 393 1036 c
490 993 552 1035 iii
567 1006 638 1036 no,
664 1012 668 1016 ·
772 1004 797 1046 3
829 991 1063 1034 Antherus
1085 1004 1209 1046 papa
1229 997 1414 1044 martyr.
1991 1000 2068 1045 571
2095 987 2219 1045 [103]

363 1064 395 1107 d
461 1063 609 1120 pridie
630 1077 703 1106 no.
769 1073 797 1115 4
830 1060 1059 1104 Martinal
1079 1061 1210 1116 virgo
1233 1067 1418 1115 martyr.
1470 1060 1590 1103 Fuit
1598 1061 1764 1117 prima
1783 1060 1928 1103 huius
1989 1071 2066 1116 571
2093 1058 2217 1117 [103]

205 1135 294 1178 xix·
363 1147 389 1177 e
504 1133 658 1176 Nonis
771 1142 793 1187 5
830 1132 1168 1187 Thelesphorus
1191 1145 1315 1187 papa
1335 1138 1522 1185 martyr.
1989 1142 2070 1186 572
2094 1129 2217 1187 [103]

203 1208 296 1250 viii
366 1205 389 1248 f
499 1206 592 1248 viii
607 1205 669 1248 td.
771 1204 800 1247 6
829 1205 1103 1262 Epiphania
1127 1203 1300 1259 Christi
1316 1203 1490 1260 duplex
1508 1204 1672 1246 maius.
1734 1204 1890 1246 Habet

1718 1275 1926 1317 oliauam
1990 1285 2071 1329 572
2094 1271 2218 1330 [104]

365 1359 396 1401 g
498 1346 573 1389 vii
588 1346 649 1389 id.
774 1355 798 1398 7
833 1345 1064 1388 Lucianus
1085 1345 1322 1401 presbyter
1344 1352 1527 1399 martyr.
1991 1355 2071 1400 573
2094 1344 2218 1402 [104]

204 1417 293 1460 :rvi
358 1417 402 1459 A
507 1418 563 1460 vi
578 1417 639 1460 id.
727 1450 729 1452 .
769 1417 794 1459 8
830 1418 898 1459 Ex
919 1416 1107 1473 epistola
1128 1417 1189 1459 ad
1213 1417 1464 1458 Romanos.
1529 1416 1698 1459 Paulus
1720 1416 1886 1460 seruus.
1991 1419 2073 1472 298
2125 1416 2218 1474 [61]

232 1501 266 1530 v
356 1488 388 1531 b
505 1502 539 1531 v
561 1488 619 1531 zd.
766 1500 806 1543 9>
827 1489 898 1530 Ex
920 1487 1105 1544 epistola
1123 1487 1181 1529 ad
1201 1488 1452 1530 Romanos.
1490 1488 1736 1543 Propterea
1754 1487 1954 1531 tradidit.
1990 1501 2075 1543 300
2125 1487 2219 1545 [61]

364 1573 390 1602 c
486 1561 565 1603 iiii
583 1561 644 1603 id.
749 1573 801 1603 10
826 1561 995 1604 Paulus
1017 1561 1194 1617 primus
1218 1560 1419 1603 eremita.
1993 1571 2074 1616 573
2097 1559 2221 1617 [104]

202 1631 295 1674 xiii
362 1630 394 1674 d
499 1632 560 1673 iii
577 1631 634 1674 id
747 1644 792 1674 11
833 1631 1009 1686 Iginius
1032 1645 1154 1687 papa
1175 1639 1359 1685 martyr.
1993 1642 2076 1687 574
2097 1630 2220 1688 [105]

230 1704 271 1746 ii
363 1717 387 1746 e
439 1703 600 1760 pridie
619 1704 675 1746 id
746 1716 794 1746 12
829 1705 899 1746 Ex
921 1703 1109 1759 epistola
1132 1704 1190 1746 ad
1215 1704 1464 1745 Romanos.
1511 1704 1629 1746 Cum
1646 1704 1769 1747 enim
1790 1712 1964 1760 gentes.
1990 1717 2068 1759 301
2125 1703 2219 1762 [61]

366 1773 389 1816 f
481 1775 642 1818 Idibus
747 1788 797 1830 13
833 1776 1041 1819 Hilarius
1064 1775 1299 1831 episcopus
1322 1775 1554 1817 confessor.
1994 1787 2075 1832 574
2097 1775 2220 1834 [105]

231 1860 267 1888 x
362 1860 393 1901 g
476 1847 566 1889 xix
582 1847 658 1889 cal
748 1859 798 1900 14
830 1848 902 1890 Ex
923 1847 1108 1903 epistola
1129 1846 1190 1889 ad
1216 1848 1464 1889 Romanos.
1530 1846 1654 1901 Quid
1676 1861 1797 1902 ergo.
1989 1860 2072 1903 302
2125 1847 2219 1905 [62]

355 1918 398 1960 A
454 1919 582 1961 xviii
599 1919 675 1961 cal
750 1929 798 1973 15
834 1920 904 1961 ΕΧ
925 1918 1112 1975 epistola
1134 1919 1193 1961 ad
1217 1919 1466 1961 Romanos
1534 1919 1657 1974 Quid
1678 1932 1800 1974 ergo.
1991 1931 2073 1974 303
2126 1918 2220 1977 [62]

184 1989 316 2033 xvz'z'2
367 1990 396 2032 b
465 1991 573 2032 xvii
590 1990 666 2033 cal
750 1991 800 2033 16
834 1991 1083 2032 Marcellus
1106 2004 1227 2046 papa
1248 1998 1432 2044 martyr.
1992 2002 2076 2046 574
2097 1990 2220 2048 [106]

214 2062 287 2104 vii
364 2075 388 2104 c
476 2063 566 2104 xvi
583 2063 658 2105 cal
746 2073 794 2115 17
826 2063 1069 2105 Antonius
1089 2063 1224 2105 abbas
1244 2062 1416 2119 duplex
1435 2064 1601 2106 minus.
1991 2075 2069 2120 575
2095 2063 2219 2121 [106]

366 2134 396 2178 d
490 2149 558 2177 xv
578 2135 653 2178 cal
751 2136 799 2178 18
833 2136 904 2178 Ex
925 2136 1111 2191 epistola
1134 2135 1192 2177 ad
1217 2136 1467 2178 Romanos.
1532 2137 1550 2177 I
1558 2135 1780 2179 ustificati.
1991 2147 2070 2192 305
2125 2136 2220 2194 [62]

219 2219 287 2248 xv
363 2220 388 2249 e
465 2207 577 2248 m'iii
595 2207 669 2249 cal
750 2219 801 2262 19
833 2208 905 2250 Ex
926 2207 1113 2263 epistola
1135 2207 1195 2250 ad
1219 2208 1468 2250 Romanos.
1534 2208 1657 2263 Quid
1679 2222 1798 2263 ergo.
1989 2210 2075 2264 306
2126 2208 2220 2266 [62]

211 2279 289 2320 iiii
369 2278 394 2321 f
475 2280 570 2321 xiii
587 2279 664 2321 cal
746 2291 802 2322 2ο
831 2280 1072 2322 Fabianus
1082 2282 1214 2336 papa
1234 2284 1278 2322 et
1300 2280 1594 2335 Sebastianus
1615 2285 1841 2336 martyres

1585 2351 1759 2407 duplex
1777 2353 1945 2395 minus.
1993 2362 2071 2407 575
2097 2350 2220 2409 [107]

365 2434 395 2475 g
487 2421 564 2462 xii
580 2421 656 2463 cal
747 2433 798 2464 21
832 2422 994 2478 Agnes
1015 2422 1152 2478 virgo
1175 2426 1358 2477 martyr
1375 2421 1549 2478 duplex
1567 2423 1733 2465 minus.
1994 2425 2076 2479 576
2098 2423 2221 2481 [108]

219 2492 294 2534 xii
360 2492 403 2533 A
497 2492 553 2533 xi
571 2491 650 2534 cal
708 2499 713 2503 “
745 2504 798 2534 22
831 2492 1118 2546 Vincentius,
1142 2499 1186 2535 et
1207 2492 1466 2535 Anastafius
1490 2502 1726 2548 martyres.
1993 2495 2076 2551 576
2097 2495 2220 2554 [108]

242 2564 263 2605 i
364 2563 394 2606 b
507 2577 544 2605 x
561 2563 638 2605 cal
745 2576 800 2619 23
835 2565 906 2606 Ex
928 2565 1116 2620 epistola
1138 2564 1198 2607 ad
1222 2566 1474 2608 Romanos.
1537 2566 1613 2608 An
1635 2566 1869 2621 ignoratis.
1991 2569 2074 2623 308
2125 2567 2219 2626 [62]

369 2647 393 2676 c
498 2635 553 2676 ix
570 2634 647 2677 cal
749 2647 806 2688 24
836 2635 1108 2679 Timotheus
1132 2637 1370 2693 episcopus
1393 2644 1578 2692 martyr.
1993 2650 2076 2695 577
2098 2638 2221 2697 [109]

223 2705 278 2747 ix
366 2705 397 2748 d
480 2707 573 2748 viii
589 2707 666 2750 cal
751 2719 803 2762 25
835 2706 1098 2765 ³C0nuerst0
1115 2711 1268 2759 Pauli
1282 2711 1473 2767 apostoli
1489 2711 1665 2768 duplex
1682 2711 1869 2754 ma2·us.³
1993 2722 2075 2768 577
2098 2710 2223 2769 [109]

372 2795 397 2824 e
491 2781 566 2823 vii
582 2780 660 2822 cal
751 2779 806 2822 26
840 2780 1119 2836 Polycarpus
1145 2782 1381 2837 episcopus
1404 2790 1589 2836 martyr.
1992 2785 2074 2838 578
2098 2782 2221 2840 [110]

199 2853 306 2894 xvii
372 2850 394 2893 f
495 2850 539 2893 vi
565 2849 647 2892 cal’
751 2861 804 2902 27
842 2852 1040 2893 Ioannes
1065 2852 1410 2906 Chrysostomus
1432 2852 1668 2908 episcopus
1692 2853 1923 2897 confessor.
1993 2855 2074 2910 578
2097 2852 2221 2911 [111]

230 2925 284 2966 vi
368 2937 398 2978 g
480 2937 513 2964 v
532 2921 619 2965 cal’
748 2922 802 2964 28
836 2924 905 2964 Ex
928 2924 1115 2978 epistola
1136 2925 1196 2966 ad
1222 2926 1471 2968 Romanos.
1537 2926 1674 2980 Quod
1696 2926 1831 2970 enim.
1993 2914 2077 2982 309
2128 2926 2222 2984 [62]

363 2997 404 3037 A
476 2996 554 3037 iiii
572 2994 659 3037 cal'
747 3007 802 3048 29
836 2995 907 3037 Ex
928 2996 1115 3050 epistola
1137 2996 1197 3039 ad
1222 2998 1472 3040 Romanos.
1537 2999 1662 3052 Ergo
1684 2998 1860 3041 fratres.
1993 3012 2041 3053 31
2056 3012 2071 3042 1
2127 2998 2222 3056 [63]

202 3067 312 3108 xiiii
368 3066 399 3108 b
498 3066 558 3107 iii
576 3065 653 3107 cal
749 3076 804 3117 30
836 3066 906 3106 Ex
927 3065 1115 3121 epistola
1136 3067 1197 3109 ad
1224 3068 1472 3109 Romanos.
1538 3068 1720 3111 Scimus
1742 3079 1911 3112 autem.
1991 3081 2075 3123 312
2128 3069 2222 3126 [63]

225 3138 282 3178 z't’z‘
371 3151 394 3179 c
428 3137 585 3192 pridie
606 3136 680 3178 cal
746 3149 794 3190 31
835 3138 1087 3180 Metranus.
1130 3139 1341 3193 Cointha,
1365 3147 1409 3182 et
1433 3140 1656 3196 Serapion
1678 3140 1936 3196 martyres4.
1991 3140 2116 3198 579[1
2131 3141 2226 3199 12]⁵

252 3327 263 3348 ¹
288 3327 402 3359 Maria
425 3339 433 3360 :
456 3328 500 3362 A.
811 3328 892 3369 2scc
914 3329 955 3362 V.
1001 3329 1083 3368 xviij
1112 3343 1118 3362 :
1146 3329 1188 3360 R.
1214 3330 1249 3360 P.
1270 3330 1310 3360 Α,
1607 3330 1657 3353 3-3
1679 3330 1718 3360 in
1742 3330 1862 3361 literis
1882 3329 1999 3368 nzjqris
2023 3341 2031 3361 ε
2057 3329 2095 3361 Ρ.

634 3384 671 3418 (I
694 3384 886 3423 Aquarius
906 3384 1067 3416 calidum
1089 3388 1125 3416 et
1145 3384 1348 3422 humidum,
1363 3383 1514 3424 signum
1536 3384 1677 3415 bonum.

685 3440 825 3479 Vngere
848 3450 949 3472 crura
971 3440 1111 3478 malum,
1139 3439 1258 3471 Phebe
1281 3451 1359 3472 cum
1383 3440 1493 3471 cernit
1514 3440 1682 3480 aquosum

685 3492 908 3527 Insere'tune
930 3495 1036 3536 sepes,
1061 3495 1213 3527 excelsas
1235 3495 1331 3535 erige
1354 3502 1475 3535 turres,

684 3550 788 3589 Quod
814 3550 835 3581 fi
858 3550 971 3590 carpis
993 3550 1069 3590 iter,
1095 3557 1208 3583 tutum
1231 3551 1292 3583 tibi
1315 3563 1384 3583 non
1407 3551 1479 3583 fore
1502 3551 1642 3591 semper.
1689 3551 1771 3583 add.
1801 3551 1837 3582 P.

251 3602 266 3625 5
290 3601 385 3633 Nota
405 3601 498 3642 quod
521 3602 555 3634 in
578 3602 643 3636 hoc
666 3604 862 3637 calendario
884 3611 919 3637 et
941 3604 974 3637 in
996 3605 1109 3638 indice
1131 3606 1293 3638 librorum
1316 3606 1350 3639 S.
1379 3606 1576 3647 Scripturae
1599 3606 1692 3646 (vide
1713 3618 1745 3647 p.
1765 3606 1813 3643 lii)
1837 3616 2000 3638 numerus
2015 3605 2049 3637 in
2066 3605 2225 3637 columna

170 3654 215 3687 ad
236 3654 338 3687 finem
360 3655 477 3703 lineae>
491 3658 603 3698 priore
626 3658 744 3690 solium
766 3659 808 3691 V.
834 3658 868 3694 in
890 3660 1077 3700 posteriore
1100 3671 1182 3693 vero
1204 3658 1354 3696 [uncinis
1377 3661 1542 3701 inclusus]
1563 3657 1666 3694 huius
1687 3660 1847 3694 editionis
1870 3660 2030 3702 paginam
2055 3660 2207 3693 denotat.
