2606 4126
990 245 1201 285 INDEX
1237 244 1351 284 ORA
1363 244 1430 284 TI
1428 244 1516 284 ΟΝ
1516 244 1618 285 UM

275 334 494 377 *Concede
522 350 767 390 quaesumus
800 337 1060 390 omnipotens
1088 338 1188 377 deus
1216 342 1260 377 ut

326 389 436 430 beati
466 391 630 443 Ioseph,
668 404 743 432 120

273 442 469 483 Concede
503 457 748 496 quaesumus
780 443 1040 496 omnipotens
1078 443 1178 482 deus
1214 448 1259 482 ut

325 509 400 536 nos
428 497 640 549 unigeniti,
670 499 744 538 180

273 549 466 589 Concede
502 563 747 602 quaesumus
783 550 1042 602 omnipotens
1077 549 1179 589 deus
1214 554 1259 588 ut

325 602 395 653 qui
414 616 464 642 ex
481 603 627 643 merito
646 610 808 643 nostrae
827 603 1012 651 actionis,
1038 615 1087 653 52

271 654 466 695 Concede
501 669 744 708 quaesumus
780 657 1040 708 omnipotens
1075 655 1176 696 deus
1212 661 1257 695 ut

323 708 394 759 qui
412 708 514 748 festa
533 709 741 760 paschalia
759 710 1002 757 venerando,
1026 709 1074 750 61

271 760 465 815 Concede
496 775 741 814 quaesumus
777 763 1036 814 omnipotens
1074 762 1173 802 deus
1210 766 1256 801 ut

323 814 394 866 qui
412 815 609 855 hodierna
627 816 694 855 die
713 815 978 867 unigenitum,
1003 814 1053 866 67

271 867 475 907 Converte
493 881 569 908 nos
587 869 687 908 deus
706 868 892 908 salutaris
910 874 1062 916 noster,
1085 867 1136 917 48

270 920 474 960 Cordibus
510 921 659 961 nostris
688 934 933 973 quaesumus
965 921 1132 960 domine
1163 933 1252 972 gra-

322 973 421 1012 tiam
451 979 564 1013 tuam
592 974 792 1026 benignus
817 974 985 1014 infunde
1011 981 1056 1014 ut
1085 979 1254 1026 peccata

321 1032 460 1066 nostra
477 1027 757 1079 castigatione,
782 1039 829 1078 55

270 1079 474 1119 Cordibus
502 1081 651 1120 nostris
680 1093 924 1133 quaesumus
961 1080 1127 1120 domine
1163 1092 1252 1131 gra-

322 1132 422 1172 tiam
449 1138 563 1173 tuam
588 1133 788 1186 benignus
814 1134 982 1173 infunde
1006 1139 1051 1173 ut
1070 1133 1173 1173 sicut
1199 1134 1253 1172 ab

322 1186 423 1226 escis
443 1187 736 1238 corporalibus,
761 1199 806 1237 51

268 1239 440 1279 Custodi
460 1240 626 1280 domine
645 1240 859 1280 ecclesiam
878 1246 1005 1288 tuam,
1030 1241 1080 1292 89

269 1293 338 1331 Da
361 1292 482 1332 nobis
497 1299 746 1345 ‘quaesumus
764 1294 930 1334 domine
948 1293 1059 1333 beati
1079 1292 1255 1345 apostoli

318 1346 376 1385 tui
397 1346 596 1394 Thomae‚
621 1358 696 1400 179

267 1399 335 1438 Da
360 1400 479 1439 nobis
508 1413 753 1452 quaesumus
776 1400 942 1440 domine
966 1400 1116 1439 imitari
1145 1394 1256 1451 quod

320 1453 503 1501 colimus,
532 1456 603 1494 181
1202 1493 1207 1497 .

269 1505 337 1545 Da
361 1507 479 1546 nobis
504 1520 748 1559 quaesumus
775 1507 942 1547 domine
970 1513 1015 1547 ut
1044 1512 1084 1547 et
1112 1505 1256 1545 mundi

321 1572 473 1605 cursus,
497 1570 544 1611 77

268 1613 336 1652 Da
354 1613 473 1652 nobis
492 1626 734 1665 quaesumus
753 1614 1014 1666 omnipotens
1039 1613 1139 1653 deus
1165 1613 1255 1652 viti-

320 1679 437 1705 orum
455 1673 698 1713 nostrorum,
725 1678 797 1718 147

268 1719 337 1758 Da
373 1733 618 1771 quaesumus
660 1721 826 1760 domine
862 1721 1017 1772 populo
1055 1725 1126 1759 tuo
1172 1719 1255 1758 dia-

322 1773 468 1821 bolica,
492 1787 544 1827 92

269 1826 337 1865 Da
373 1839 617 1878 quaesumus
653 1827 848 1867 ecclesiae
886 1833 979 1866 tuae
1026 1826 1255 1866 misericors

321 1880 434 1926 deus,
459 1890 502 1930 71

267 1933 335 1972 Da
367 1946 612 1986 quaesumus
642 1934 902 1985 omnipotens
932 1934 1033 1973 deus
1062 1939 1106 1973 ut
1144 1932 1254 1972 beati

322 1986 378 2024 N.
400 1987 640 2027 confessoris
660 1987 731 2035 tui,
761 1986 836 2027 186

266 2041 334 2079 Da
378 2053 621 2092 quaesumus
666 2040 926 2092 omnipotens
963 2040 1063 2079 deus
1101 2045 1145 2079 ut
1183 2039 1254 2091 qui

319 2094 429 2133 beati
449 2094 620 2140 Vrbani,
646 2107 718 2145 132

267 2147 335 2186 Da
354 2160 597 2199 quaesumus
622 2147 883 2199 omnipotens
911 2147 1011 2186 deus
1040 2153 1084 2186 ut
1111 2147 1181 2198 qui
1210 2146 1253 2185 in

320 2207 381 2239 tot
400 2201 592 2246 adversis,
614 2201 666 2251 56

267 2254 335 2293 Da
362 2267 605 2305 quaesumus
638 2254 897 2306 omnipotens
929 2255 1028 2293 deus
1064 2259 1108 2292 ut
1138 2266 1252 2293 sacro

320 2321 395 2347 nos
415 2307 656 2360 purificante
675 2308 840 2353 ieiunio,
863 2319 914 2357 50

266 2361 382 2400 Deus
401 2374 425 2400 a
444 2374 526 2412 quo
544 2367 691 2400 cuncta
709 2361 819 2400 bona
839 2361 1081 2412 procedunt,
1104 2358 1157 2399 66

265 2416 380 2454 Deus
399 2428 424 2454 a
442 2427 524 2466 quo
543 2421 684 2454 sancta
703 2413 926 2466 desyderia‚
951 2412 1003 2464 46

266 2469 381 2507 Deus
407 2469 472 2507 cui
497 2467 706 2520 proprium
731 2475 791 2507 est
813 2468 1003 2507 miserere
1026 2480 1186 2519 semper
1211 2472 1251 2506 et

320 2534 497 2573 parcere,
522 2535 571 2572 45

265 2576 379 2614 Deus
408 2575 521 2614 cuius
549 2574 747 2614 hodierna
771 2574 838 2614 die
864 2574 1101 2625 preconium
1129 2574 1250 2614 Inno-

318 2634 469 2675 centes,
498 2630 569 2668 182

265 2682 380 2721 Deus
403 2683 517 2722 cuius
542 2681 801 2733 providentia
826 2681 867 2720 in
887 2680 948 2720 sui
969 2681 1248 2732 dispositione,

318 2737 364 2775 81

265 2790 379 2828 Deus
397 2789 439 2828 in
459 2794 500 2828 te
519 2788 769 2839 sperantium
789 2787 1001 2832 fortitudo,
1025 2801 1073 2839 73

265 2844 380 2882 Deus
399 2842 469 2895 qui
488 2842 648 2881 animae
667 2841 809 2880 famuli
829 2841 887 2880 tui
909 2842 1110 2892 Gregorii,
1139 2855 1213 2895 119

265 2897 380 2936 Deus
399 2896 468 2948 qui
487 2895 684 2947 apostolis
704 2895 782 2934 tuis
809 2900 993 2933 sanctum
1014 2895 1177 2944 dedisti,
1204 2906 1254 2946 70

266 2949 406 2989 *Deus
426 2949 495 3001 qui
515 2950 659 2988 beatae
678 2948 837 2996 Annae,
866 2961 939 2999 143

265 3004 380 3042 Deus
399 3003 469 3054 qui
487 3003 609 3041 beato
631 3002 752 3040 Petro
772 3003 960 3052 apostolo
981 3007 1063 3050 tuo,
1093 3015 1108 3041 1
1121 3012 1166 3051 15

266 3058 379 3095 Deus
398 3057 468 3107 qui
486 3056 651 3094 beatum
673 3056 868 3102 Leonem,
898 3067 968 3105 137

266 3111 380 3149 Deus
413 3108 483 3161 qui
516 3110 681 3148 beatum
721 3109 907 3147 Marcum
942 3108 1247 3160 evangelistam,

325 3176 369 3202 12

263 3173 466 3267 Deus⁵qui
484 3216 650 3254 beatum
671 3214 888 3259 Maffliam,
914 3227 927 3253 1
941 3213 988 3254 16

264 3271 379 3309 Deus
397 3269 468 3321 qui
487 3269 651 3307 beatum
672 3268 907 3312 Nicolaum,
934 3279 1005 3316 175

265 3324 378 3361 Deus
397 3322 467 3374 qui
486 3323 652 3360 beatum
673 3322 837 3360 Petrum
857 3321 1100 3372 apostolum,
1132 3335 1204 3372 144

267 3377 380 3415 Deus
398 3375 468 3428 qui
495 3375 696 3426 conspicis
721 3374 833 3413 omni
859 3387 934 3413 nos
960 3374 1106 3414 virtute
1133 3375 1252 3414 desti-

319 3430 392 3475 tui,
413 3441 465 3479 49

266 3483 380 3522 Deus
412 3482 482 3533 qui
515 3481 716 3532 conspicis
748 3481 844 3532 quia
877 3494 927 3520 ex
956 3481 1069 3519 nulla
1094 3481 1254 3520 actione

318 3535 574 3583 confidimus,
598 3548 650 3584 40

267 3590 381 3628 Deus
418 3589 489 3640 qui
525 3587 727 3639 conspicis
760 3587 857 3639 quia
889 3600 937 3627 ex
971 3588 1084 3626 nulla
1116 3594 1254 3627 nostra

319 3645 467 3681 virtute
486 3641 753 3688 subsistimus,
779 3639 852 3693 169

268 3697 381 3735 Deus
402 3695 475 3748 qui·
490 3694 690 3746 conspicis
710 3694 805 3746 quia
824 3707 898 3733 nos
918 3694 1111 3745 undique,
1140 3708 1212 3745 130

2233 245 2329 299 197

1340 337 1454 376 Deus
1479 337 1549 388 qui
1577 337 1697 390 culpa
1722 338 1938 379 offenderis
1962 340 2215 392 poenitentia
2240 344 2326 395 pla·

1392 389 1509 438 caris,
1532 389 1597 440 46,
1618 401 1669 442 47

1341 443 1454 482 Deus
1473 443 1543 495 qui
1562 443 1614 482 de
1633 444 1782 483 beatae
1797 444 1968 491 Mariae,
1995 457 2070 498 190

1396 523 1405 540 ,
1533 523 1558 541 „
1597 496 1639 535 in
1659 497 1986 547 annunciatione,
2018 511 2086 539 121

1340 548 1454 587 Deus
1482 549 1552 600 qui
1580 549 1729 589 dedisti
1757 550 1890 601 legem
1916 552 2052 603 Moysi
2090 552 2133 592 in
2160 555 2325 594 summi-

1392 607 1490 646 tate,
1518 612 1590 653 173

1340 654 1454 745 Deugs
1481 655 1552 706 qui
1579 655 1843 707 diligentibus
1875 663 1916 697 te
1947 658 2058 698 bona
2089 659 2322 709 invisibilia,

1340 760 1454 799 Deus
1481 759 1551 812 qui
1579 761 1856 802 diversitatem
1887 765 2071 815 gentium
2103 765 2146 805 in
2171 766 2327 807 confes·

1393 813 1508 852 sione
1527 814 1599 862 tui,
1623 815 1676 855 60

1340 866 1453 905 Deus
1473 866 1542 918 qui
1561 868 1755 907 ecclesiae
1775 874 1867 908 tuae
1888 869 1929 908 in
1949 872 2212 922 exponendis,
2239 871 2314 913 160

1341 919 1455 958 Deus
1485 920 1555 971 qui
1597 921 1809 960 ecclesiam
1842 928 1954 962 tuam
1987 937 2122 964 annua
2154 926 2326 977 quadra-

1391 973 1590 1024 gesimali,
1614 977 1666 1024 48

1338 1025 1452 1065 Deus
1480 1026 1550 1078 qui
1578 1027 1790 1067 ecclesiam
1819 1034 1930 1068 tuam
1959 1030 2069 1069 beati
2087 1031 2323 1082 ‘Dominici,

1396 1090 1467 1130 ¹47

1340 1132 1452 1225 Deu68
1482 1133 1552 1185 qui
1580 1133 1793 1174 ecclesiam
1822 1139 1935 1174 tuam
1964 1136 2075 1176 beati
2104 1137 2139 1176 F
2140 1138 2325 1185 rancisci‚

1397 1198 1411 1224 1
1445 1199 1471 1225 0

1340 1238 1454 1278 Deus
1490 1238 1560 1290 qui
1596 1240 1811 1279 ecclesiam
1855 1247 1966 1281 tuam
2012 1256 2121 1283 novo
2167 1257 2328 1297 semper

1393 1291 1517 1337 foetu,
1539 1292 1592 1333 60

1340 1346 1455 1384 Deus
1491 1346 1562 1397 qui
1600 1347 1826 1387 errantibus
1863 1354 1908 1387 ut
1944 1348 1987 1388 in
2023 1348 2133 1389 viam
2170 1351 2328 1402 possint

1394 1399 1539 1447 redire,
1561 1399 1613 1447 63

1342 1452 1456 1491 Deus
1475 1453 1544 1504 qui
1564 1459 1603 1491 et
1622 1453 1737 1492 iustis
1756 1454 1938 1505 praemia
1957 1455 2207 1505 meritorum,
2233 1471 2282 1509 53

1342 1505 1545 1597 Deus6qui
1568 1506 1663 1546 fidei
1689 1514 1942 1548 sacramenta
1965 1508 2008 1548 in
2033 1510 2230 1562 unigeniti
2252 1512 2323 1560 tui,

1400 1572 1445 1608 14

1341 1612 1454 1651 Deus
1473 1611 1543 1664 qui
1565 1611 1743 1652 fidelium
1764 1619 1922 1654 mentes
1939 1615 2058 1654 unius
2077 1616 2214 1662 efficis,
2235 1616 2286 1667 65

1340 1666 1453 1705 Deus
1498 1666 1569 1717 qui
1613 1666 1811 1706 hodierna
1856 1667 1923 1708 die
1967 1669 2134 1709 beatum
2171 1670 2326 1722 Diony·

1391 1719 1508 1767 sium,
1534 1719 1605 1759 162

1340 1772 1454 1811 Deus
1473 1772 1542 1823 qui
1562 1773 1760 1812 hodierna
1778 1774 1846 1813 die
1866 1774 2047 1814 fidelium
2067 1776 2203 1824 corda,
2229 1776 2281 1829 69

1340 1827 1454 1865 Deus
1499 1825 1568 1876 qui
1605 1826 1804 1866 hodierna
1839 1828 1906 1867 die
1951 1841 2025 1880 per
2069 1830 2324 1881 unigenitum

1391 1885 1520 1923 tuum,
1544 1890 1593 1930 59
2038 1918 2041 1920 .

1339 1932 1453 1971 136115
1485 1932 1555 1983 qui
1588 1932 1788 1972 hodierna
1819 1934 1886 1973 die
1922 1934 2177 1986 unigenitum
2210 1941 2324 1976 tuum

1391 1986 1581 2037 gentibus
1600 1987 1731 2033 stella,
1761 2000 1834 2038 104
2031 2011 2035 2016 ·

1337 2039 1452 2078 Deus
1488 2038 1558 2090 qui
1603 2039 1843 2079 hodiernam
1890 2041 1999 2081 diem
2046 2043 2325 2094 apostolorum

1390 2098 1551 2131 tuorum
1573 2093 1683 2132 Petri
1702 2100 1742 2132 et
1762 2094 1892 2140 Pauli,
1917 2105 1990 2146 137

1338 2146 1452 2185 Deus
1489 2146 1560 2197 qui
1596 2146 1900 2186 immaculatam
1938 2148 2106 2199 virginis
2151 2162 2324 2202 concep-

1390 2200 1559 2244 tionem,
1585 2209 1657 2250 177

1337 2253 1451 2292 Deus
1493 2253 1564 2304 qui
1601 2253 1875 2293 ineffabilibus
1913 2255 2111 2294 mundum
2154 2269 2326 2296 renovas

1389 2306 1665 2351 sacramentis,
1689 2318 1737 2357 53

1337 2360 1450 2399 Deus
1481 2359 1551 2410 qui
1581 2359 1623 2398 in
1655 2360 1728 2398 filii
1762 2359 1820 2399 tui
1856 2360 2088 2401 humilitate
2123 2362 2324 2403 iacentem

1388 2413 1601 2459 mundum,
1622 2412 1671 2452 62

1337 2467 1451 2505 Deus
1470 2466 1540 2518 qui
1560 2466 1602 2505 in
1618 2466 1826 2518 praeclara
1842 2467 2072 2507 salutiferae
2090 2469 2233 2515 crucis,
2254 2471 2327 2509 128

1337 2520 1452 2559 136115
1471 2520 1541 2571 qui
1560 2519 1666 2559 inter
1685 2521 1933 2571 apostolicos
1953 2522 2196 2566 sacerdotes,
2224 2522 2298 2563 166

1338 2575 1452 2613 Deus
1472 2573 1541 2625 qui
1561 2573 1666 2612 inter
1685 2580 1845 2612 caetera
1864 2575 2072 2626 potentiae
2091 2581 2198 2624 tuae,
2227 2590 2301 2626 114

1338 2628 1452 2666 Deus
1471 2627 1541 2678 qui
1561 2627 1664 2665 miro
1684 2627 1827 2666 ordine
1847 2628 2098 2679 angelorum,
2127 2631 2200 2679 158

1338 2682 1453 2720 Deus
1508 2680 1578 2731 qui
1624 2681 1931 2720 multitudinem
1976 2682 2160 2733 gentium
2214 2683 2325 2723 beati

1392 2733 1521 2781 Pauli,
1561 2746 1634 2784 139

1338 2788 1453 2827 Deus
1473 2787 1542 2838 qui
1562 2787 1681 2826 nobis
1699 2800 1773 2839 per
1792 2787 1973 2839 singulos
1993 2801 2134 2835 annos,
2164 2788 2238 2829 168

1338 2841 1451 2880 Deus
1471 2840 1541 2891 qui
1562 2841 1681 2880 nobis
1699 2841 1776 2879 sub
1794 2849 2062 2889 sacramento,
2089 2853 2136 2893 73

1337 2895 1452 2933 Deus
1479 2894 1549 2945 qui
1578 2907 1652 2932 nos
1682 2906 1817 2934 annua
1849 2895 2130 2946 apostolorum
2161 2901 2324 2936 tuorum

1390 2946 1571 2998 Philippi
1590 2954 1629 2986 et
1651 2948 1805 2996 Iacobi,
1833 2947 1906 2988 126

1337 3002 1450 3040 136115
1470 3001 1539 3051 qui
1559 3014 1634 3039 nos
1653 3014 1788 3039 annua
1807 3002 1950 3040 beatae
1970 3001 2162 3047 Ceciliae‚
2188 3012 2262 3053 172

1338 3055 1451 3093 Deus
1470 3053 1541 3104 qui
1561 3067 1635 3093 nos
1655 3067 1790 3093 annua
1808 3054 1917 3094 beati
1939 3054 2176 3103 Clementis,
2206 3066 2278 3106 172

1337 3109 1450 3147 Deus
1476 3107 1545 3157 qui
1571 3120 1645 3146 nos
1674 3120 1809 3146 annua
1841 3115 2072 3147 sanctorum
2103 3114 2325 3160 martyrum

1389 3168 1551 3200 tuorum
1572 3162 1627 3199 N.
1650 3167 1689 3199 et
1711 3162 1782 3208 N.,
1812 3160 1885 3200 186

1337 3215 1450 3253 Deus
1470 3213 1539 3264 qui
1559 3227 1633 3252 nos
1652 3214 1761 3252 beati
1782 3214 2007 3261 Barnabae,
2037 3228 2109 3266 133

1337 3270 1449 3307 Deus
1469 3267 1538 3317 qui
1558 3280 1632 3306 nos
1652 3267 1761 3305 beati
1782 3268 1837 3306 N.
1862 3268 2104 3306 confessoris
2123 3268 2195 3316 tui,
2224 3269 2299 3310 186

1337 3322 1452 3360 Deus
1489 3320 1559 3371 qui
1597 3333 1672 3359 nos
1709 3321 1908 3360 hodierna
1947 3322 2013 3360 die
2051 3322 2324 3368 exaltationis,

1336 3387 1467 3466 Ι)6Ῑι]554
1479 3427 1548 3478 qui
1578 3440 1652 3466 nos
1681 3426 1721 3465 in
1751 3426 1875 3466 tantis
1905 3427 2099 3478 periculis
2127 3428 2324 3468 constitu-

1390 3488 1465 3528 tos,
1492 3492 1542 3529 34

1337 3535 1450 3573 Deus
1488 3535 1558 3585 qui
1587 3546 1662 3572 nos
1695 3546 1768 3584 per
1803 3534 1947 3573 beatos
1984 3534 2194 3585 apostolos
2233 3540 2325 3575 tuos

1391 3588 1600 3627 Simonem
1620 3593 1659 3626 et
1680 3587 1841 3632 Iudam,
1867 3587 1940 3637 164

1336 3642 1450 3680 Deus
1479 3640 1548 3691 qui
1574 3653 1648 3679 nos
1673 3640 1967 3692 redemptionis
1995 3646 2158 3680 nostrae
2191 3654 2326 3681 annua

1390 3694 1686 3745 expectatione,
1717 3695 1791 3733 180
