2606 4126
1158 276 1456 319 MARTJUS.

284 377 420 421 trem
455 369 724 421 ascensum
767 370 954 421 Petrus
993 369 1265 436 apostolus

284 441 339 491 in
390 442 570 492 medio
633 440 1012 507 discipulorum
1073 440 1265 493 Christi

284 511 494 563 circiter
525 528 663 562 ‚cxx
699 511 998 571 confistenS,
1031 511 1266 577 Oportet

283 582 505 649 (inquit)
531 582 627 633 viri
654 581 844 634 fratres
871 581 1082 648 impleri
1109 581 1267 648 scrip-

283 660 476 715 turam,
526 670 690 720 quam
747 653 1004 720 praedixit
1055 652 1266 719 spiritus

285 721 496 775 sanc'tus
536 741 631 790 per
668 741 728 774 os
774 723 958 774 Dauid
998 724 1068 774 de
1112 724 1264 783 Iuda,

280 795 372 861 qui
400 794 500 846 fuit
524 795 641 846 dux
668 811 868 856 eorum,
897 795 988 860 qui
1023 810 1266 860 compre-

281 865 583 916 henderunt
617 865 813 916 Iesum:
851 866 942 931 qui
974 881 1266 916 connume-

283 943 432 987 ratus
477 944 592 988 erat
635 936 689 986 in
733 936 904 995 nobi5‚
952 943 1006 987 et
1050 936 1265 987 sortitus

282 1006 358 1058 est
393 1007 586 1058 sortem
626 1006 898 1073 ministerij
939 1007 1111 1058 huius,
1188 1006 1263 1057 Et

281 1077 369 1128 hic
418 1078 639 1145 quidem
690 1078 918 1145 possedit
962 1094 1152 1144 agrum
1198 1079 1266 1129 de

283 1149 531 1200 mercede
563 1149 875 1216 iniquitatis,
904 1157 958 1200 et
993 1149 1266 1215 suspensus

283 1221 490 1286 crepuit
531 1221 765 1272 medius:
820 1228 874 1271 et
914 1220 1104 1271 diffusa
1149 1220 1268 1271 sunt

282 1292 467 1342 omnia
509 1291 708 1343 viscera
752 1292 878 1342 eius
958 1292 1032 1342 Et
1076 1298 1267 1342 notum

283 1359 485 1414 factum
515 1362 589 1414 est
616 1363 870 1414 omnibus
897 1362 1268 1414 habitantibus

286 1434 604 1485 Ierusalem:
677 1435 754 1485 ita
826 1442 885 1485 vt
965 1433 1270 1500 appelletur

285 1521 414 1571 ager
444 1504 532 1556 ille
560 1504 745 1572 lingua
775 1521 962 1556 eorum
1001 1504 1270 1555 Hacelde-

288 1593 390 1638 ma,
402 1575 505 1627 hoc
523 1576 610 1637 est,
631 1593 759 1643 ager
775 1576 1058 1643 sanguinis.
1091 1575 1270 1642 Scrip-

285 1655 401 1698 tum
424 1647 499 1699 est
525 1648 668 1699 enim
691 1649 744 1698 in
768 1647 905 1699 libro
926 1646 1269 1713 psalmorum,

289 1719 410 1769 Fiat
437 1719 796 1770 commoratio
829 1717 1015 1769 eorum
1048 1717 1270 1779 deserta,

283 1798 338 1842 et
388 1806 497 1841 non
548 1790 609 1841 s1t
647 1790 738 1856 qui
789 1789 1054 1840 inhabitet
1103 1789 1156 1839 in
1197 1805 1273 1840 ea.

289 1862 363 1912 Et
424 1861 791 1928 episcopatum
861 1861 974 1911 eius
1041 1860 1274 1926 accipiat

287 1932 435 1984 alter.
511 1932 745 1999 Oportet
774 1948 903 1998 ergo
930 1948 1002 1981 ex
1029 1931 1111 1981 his
1133 1932 1272 1993 viris,

287 2005 379 2071 qui
407 2003 686 2055 nobiscum
715 2003 834 2053 sunt
868 2003 1184 2068 congregati
1217 2003 1271 2052 in

288 2076 436 2126 omni
481 2082 740 2141 tempore,
770 2091 894 2141 ‘quo
945 2073 1167 2124 intrauit
1218 2080 1273 2123 et

289 2147 463 2197 exiuit
502 2147 640 2197 inter
679 2162 777 2195 nos
816 2145 1070 2196 dominus
1112 2143 1272 2204 Iesus,

288 2217 551 2284 incipiens
589 2215 622 2267 a
661 2216 989 2283 baptismate
1037 2215 1272 2277 Ioannis,

288 2288 450 2355 vsque
477 2289 529 2339 in
551 2289 710 2348 diem,
739 2304 846 2354 qua
874 2287 1171 2352 assumptus
1199 2285 1273 2336 est

289 2358 321 2410 a
347 2361 517 2422 nobiS‚
534 2359 723 2410 testem
746 2355 1141 2409 resurretfitionis
1159 2358 1273 2408 eius

288 2431 564 2482 nobiscum
586 2429 699 2481 fieri
724 2446 892 2481 vnum
920 2446 991 2479 ex
1018 2428 1140 2479 istis.
1200 2428 1273 2479 Et

288 2502 586 2553 statuerunt
605 2502 754 2562 duOS‚
777 2500 984 2566 Ioseph,
1001 2500 1093 2566 qui
1114 2517 1272 2550 voca-

289 2581 376 2625 tur
426 2573 702 2633 BarsabaS,
751 2579 806 2622 et
856 2571 1273 2638 cognominatus

229 2645 231 2648 ”
290 2644 365 2696 est
390 2644 574 2695 iustus:
623 2651 678 2694 et
724 2643 1006 2694 Mathiam.
1083 2641 1273 2708 Atque

290 2723 506 2767 orantes
533 2716 804 2774 dixerunt,
826 2715 911 2765 Tu
938 2713 1160 2764 domine
1181 2714 1272 2780 qui

289 2788 454 2838 corda
463 2786 597 2838 nosti
606 2786 867 2847 omnium,
880 2784 1100 2843 ostende
1109 2801 1272 2851 quem

291 2858 514 2925 elegeris
541 2875 613 2908 ex
639 2857 724 2907 his
750 2857 964 2908 duobus
980 2872 1166 2917 vnum,
1185 2872 1273 2906 ac-

290 2930 467 2996 cipere
505 2928 684 2980 locum
712 2927 983 2994 ministerij
1020 2927 1193 2989 huiuS,
1220 2935 1275 2978 et

290 2999 633 3066 apostolatuS‚
662 2999 731 3050 de
756 3015 865 3066 quo
891 2998 1276 3065 praeuaricatus

291 3071 624 3133 estIudaS,vt
645 3071 818 3122 abiret
836 3071 888 3120 in
908 3070 1088 3120 locum
1109 3068 1273 3119 suum.

291 3142 366 3194 Et
391 3143 658 3193 dederunt
684 3141 847 3192 sortes
882 3141 972 3201 eiS,
1001 3148 1056 3191 et
1081 3141 1278 3191 cecidit

293 3214 400 3264 sors
428 3213 581 3279 super
607 3213 896 3274 Mathiam,
923 3219 977 3263 et
1015 3228 1278 3262 annume-

292 3292 439 3336 ratus
471 3284 545 3335 est
572 3300 696 3334 cum
727 3284 978 3334 vndecim
1009 3282 1277 3349 apostolis

296 3356 405 3406 Hic
444 3362 627 3406 autem
661 3354 739 3419 (vt
774 3355 996 3420 quidam
1031 3353 1280 3419 tradunt)

292 3443 418 3478 cum
479 3426 533 3476 in
606 3426 932 3476 Macedonia
1008 3425 1280 3491 primum:

293 3498 490 3549 deinde
521 3497 575 3547 in
610 3496 797 3547 Iudaea
827 3496 1051 3547 verbum
1085 3496 1172 3546 dei
1199 3495 1275 3546 la-

291 3569 482 3621 tiffime
531 3567 923 3629 disseminasset,
968 3565 1275 3633 multosque

438 3739 455 3767 ¹
486 3739 560 3783 die
583 3749 648 3792 27.
673 3739 723 3782 in
745 3752 801 3781 m.

1071 3736 1088 3765 2
1118 3736 1480 3781 scandalizantur
1507 3751 1516 3781 :
1542 3737 1588 3779 P.

2235 270 2331 325 117

1349 373 1731 439 predicatione,
1778 382 1832 424 et
1882 372 2331 439 consequentibus

1349 443 1507 509 fignis
1542 444 1611 494 ad
1661 443 1853 495 Christi
1899 444 2062 495 fidem
2108 459 2330 494 conuer-

1349 514 1515 565 tisset:
1556 512 1588 565 a
1625 515 1838 575 Iudaeis,
1874 515 1926 564 id
1964 531 2108 581 aegre
2154 513 2327 563 feren-

1348 585 1507 646 tibus,
1569 585 1997 652 comprehensus
2062 583 2332 650 lapidibus

1350 672 1489 721 pene
1536 656 1760 707 obrutus
1811 656 1898 718 est,
1951 673 2014 707 ac
2064 654 2333 722 postremo

1350 727 1513 777 securi
1581 727 1851 793 percussus
1916 726 1996 793 .vj.
2060 725 2331 777 calendas,

1350 797 1550 864 Martij.

1349 920 1404 976 ΙΙ
1452 914 1702 965 Iulianus
1739 922 1790 965 et
1828 913 2025 964 Eunus
2064 920 2334 976 martyres,

1647 986 1824 1036 Leblz'o
1850 982 2049 1036 tertia².

1359 1079 1635 1179 INeunte
1655 1079 2019 1145 principatum
2044 1078 2215 1129 Decio
2236 1077 2334 1126 im-

1450 1157 1699 1216 peratore
1738 1157 1851 1200 tam
1890 1150 2242 1200 vehementer
2280 1148 2330 1197 in

1351 1220 1663 1272 christianos
1695 1221 1937 1271 saeuitum
1968 1220 2058 1282 est,
2086 1228 2146 1270 vt
2180 1220 2335 1269 iuxta

1350 1293 1575 1343 verbum
1641 1292 1848 1343 domini
1914 1291 2335 1342 scandalizaren-

1352 1361 1464 1414 tur²
1522 1365 1919 1430 propemodum
1977 1363 2141 1413 etiam
2205 1361 2335 1412 iusti.

1355 1435 1493 1486 Cum
1522 1436 1685 1500 igitur
1710 1434 2068 1486 Alexandriae
2089 1432 2336 1499 supplici-

1353 1522 1508 1556 orum
1554 1507 1895 1556 immanitate
1945 1505 2168 1571 quidam
2219 1520 2337 1570 per-

1354 1577 1523 1627 territi
1563 1576 1725 1627 fidem
1766 1577 2056 1643 negassent,
2095 1574 2338 1642 plerique

1354 1656 1539 1698 tamen
1609 1648 1791 1714 spiritu
1865 1648 2073 1699 domini
2148 1645 2338 1696 confir-

1359 1720 1489 1769 mati
1552 1719 1874 1769 admiranda
1947 1717 2188 1784 martyrij
2263 1716 2339 1766 sui

1357 1788 1660 1856 specstacula
1691 1790 2050 1856 praebuerunt.
2129 1789 2193 1838 In
2233 1788 2339 1854 pri-

1359 1861 1562 1928 misque
1583 1860 1824 1912 Iulianus
1840 1859 2162 1911 venerabilis
2173 1859 2337 1910 senex

1357 1934 1602 1999 podagra
1629 1932 1894 1993 laboranS‚
1916 1939 1975 1982 vt
2001 1948 2176 1997 neque
2197 1931 2339 1981 ince-

1357 2005 1483 2054 dere
1502 2003 1687 2069 posset,
1714 2020 1891 2069 neque
1918 2002 2067 2064 stare,
2095 2003 2187 2069 qui
2214 2018 2338 2052 cum

1357 2075 1570 2125 duobus
1588 2074 1838 2124 ministris
1858 2074 2155 2124 christianis
2181 2071 2341 2139 aqui-

1356 2146 1457 2196 bus
1489 2145 1615 2196 sella
1649 2146 1968 2211 portabatur
2002 2145 2071 2195 ad
2107 2144 2340 2195 iudicem

1357 2216 1690 2276 constitutus,
1742 2216 1904 2266 nullis
1964 2217 2123 2266 minis
2161 2216 2342 2282 potuit

1358 2305 1456 2338 nec
1496 2288 1605 2354 ipse
1644 2305 1742 2338 nec
1796 2288 1933 2338 alter
1977 2286 2339 2338 ministrorum

1360 2359 1548 2408 Eunus
1579 2359 1799 2409 nomine
1830 2357 1861 2409 a
1891 2376 2018 2410 vera
2049 2359 2254 2425 pietate
2288 2364 2342 2408 et

1360 2430 1551 2481 Christi
1569 2430 1890 2480 confesfione
1911 2430 2178 2480 deterreri.
2218 2429 2344 2479 Per-

1358 2501 1661 2551 seuerantes
1689 2518 1817 2567 ergo
1845 2501 2097 2552 iubentur
2122 2500 2343 2551 camelis

1358 2573 1590 2638 imposlti
1611 2590 1707 2638 per
1729 2580 1901 2623 totam
1920 2573 2108 2623 vrbem
2119 2572 2343 2622 circum-

1358 2644 1497 2706 duci,
1525 2652 1578 2694 et
1605 2643 1787 2710 flagris
1818 2643 1944 2694 hinc
1978 2644 2104 2694 inde
2138 2642 2344 2709 populo

1359 2713 1634 2781 specstante
1659 2715 1822 2781 Vsque
1849 2715 1919 2765 ad
1952 2722 2183 2765 mortem
2211 2713 2343 2764 lani-

1359 2787 1451 2837 ari.
1527 2787 1601 2837 Et
1663 2786 1729 2836 fic
1788 2788 2048 2852 martyrio
2099 2784 2343 2837 coronati

1360 2857 1480 2908 sunt
1507 2857 1591 2924 .iij.
1619 2857 1875 2908 calendas
1905 2856 2106 2923 Martij.

1715 2983 1975 3035 Martius,

1422 3102 1667 3170 Asterius
1691 3109 1912 3166 martyr.
1988 3099 2166 3151 Lec‘Zz‘o
2192 3097 2308 3166 aij?

1363 3209 1650 3312 sssxSterius
1678 3208 1855 3274 patria
1884 3208 2169 3257 Romanus
2205 3206 2349 3256 ordi-

1499 3282 1580 3330 nis
1608 3279 1856 3345 senatorij
1898 3277 2110 3328 illustris
2145 3276 2349 3327 familia

1364 3353 1645 3419 gloriaque
1689 3367 1864 3401 rerum
1907 3349 2175 3415 gestarum
2222 3348 2346 3399 fuit:

1364 3425 1452 3475 sed
1489 3422 1774 3473 christiana
1809 3422 2013 3487 pietate
2046 3427 2101 3470 et
2136 3419 2348 3485 magnis

1365 3496 1419 3545 in
1448 3495 1647 3546 virtute
1676 3492 1869 3545 Christi
1898 3490 2168 3541 miraculis
2189 3490 2349 3541 editis

1361 3566 1563 3618 clarior.
1642 3563 1888 3631 Quorum
1918 3562 2050 3613 illud
2079 3562 2133 3612 in
2160 3561 2349 3628 primis

1771 3733 1789 3762 3
1819 3733 1893 3778 die
1915 3745 1967 3789 .3.
1992 3733 2042 3776 in
2064 3747 2122 3779 m.
