2560 4134
2279 0 2281 2 “
2341 2 2346 5 “
2408 0 2423 11 -“
2442 0 2560 166 ΨμᾞἺ

2376 52 2384 56 .
2513 48 2515 50 ·
2519 44 2524 50 *
2529 50 2534 57 a

2558 230 2560 239 ι

167 256 170 258 ’
220 275 287 315 22
780 280 1097 321 DOMJNJCA
1141 280 1341 320 PRIMA
1382 279 1744 322 ADUENTUS.

217 376 320 428 erit
337 375 482 428 enim
503 392 737 443 magnus
754 393 938 427 coram
958 376 1186 427 domino
1210 394 1220 426 z

219 455 276 500 et
314 449 503 500 vinum
543 456 599 500 et
638 449 858 499 siceram
899 464 1010 498 non
1050 448 1217 499 bibet.

218 528 274 572 et
300 520 488 587 spiritu
513 517 699 571 sancto
719 520 1019 587 replebitur
1037 520 1218 571 adhuc

219 609 293 643 ex
319 599 475 643 vtero
504 592 696 643 matris
722 591 829 642 suae
870 610 883 643 ε
924 599 979 643 et
1016 591 1220 643 multos

219 664 457 715 filiorum
492 663 657 714 Israel
693 670 980 715 conuertet
1015 665 1086 715 ad
1122 663 1219 714 do-

221 737 432 787 minum
484 736 651 787 deum
697 736 950 802 ipsorum.
1003 743 1059 787 et
1109 735 1222 802 ipse

219 808 498 875 praecedet
524 815 654 859 ante
680 808 832 859 illum
861 809 916 858 in
944 807 1146 874 spiritu,
1167 815 1223 859 et

218 880 421 931 virtute
449 879 588 931 Eliae
618 899 629 931 ε
658 887 719 931 vt
740 888 1028 931 conuertat
1054 880 1221 931 corda

220 959 440 1019 patrum
469 952 524 1002 in
552 951 708 1012 filios,
730 959 784 1003 et
811 951 1123 1003 incredulos
1150 952 1220 1002 ad

219 1025 571 1091 prudentiam
600 1023 875 1087 iustorum,
901 1041 1095 1090 parare
1117 1024 1222 1074 -do-

167 1113 169 1115 ’
221 1097 372 1147 mino
389 1095 608 1163 plebem
627 1094 942 1163 perfe&am.
986 1097 1060 1148 Et
1076 1096 1223 1147 dixit

220 1168 500 1219 zacharias
528 1167 598 1219 ad
626 1168 902 1234 angelum,
923 1168 1091 1220 Vnde
1116 1168 1222 1219 hoc

221 1239 418 1292 sciam?
457 1257 562 1308 ego
600 1241 749 1292 enim
783 1240 898 1291 sum
932 1239 1099 1292 senex
1127 1258 1138 1291 :
1166 1247 1222 1291 et

218 1329 361 1363 vxor
386 1329 510 1363 mea
531 1313 780 1379 procesfit
806 1313 860 1363 in
885 1313 1081 1364 diebus
1102 1312 1221 1364 suiS.

221 1384 298 1436 Et
334 1384 668 1451 respondens
707 1384 951 1452 angeIUS‚
978 1385 1123 1436 dixit
1156 1385 1219 1437 ei.

222 1457 348 1523 Ego
387 1457 502 1507 sum
543 1456 768 1508 Gabriel
807 1457 902 1523 qui
937 1456 1052 1508 asto
1091 1464 1221 1508 ante

220 1529 387 1579 deum
419 1545 430 1580 :
458 1536 513 1580 et
541 1529 726 1579 missus
747 1528 861 1580 sum
884 1529 1035 1596 loqui
1058 1530 1128 1581 ad
1151 1537 1222 1592 te,

218 1608 274 1652 et
317 1600 437 1652 haec
478 1601 579 1652 tibi
618 1600 1040 1668 euangelizare¹.
1118 1600 1222 1652 Et²

219 1690 358 1733 ecce,
387 1673 491 1724 eris
527 1680 717 1724 tacens
759 1682 814 1725 et
856 1691 967 1725 non
1013 1674 1221 1741 poteris

217 1744 369 1812 loqui
419 1745 584 1812 Vsque
635 1745 691 1796 in
742 1746 890 1797 diem
941 1763 1053 1813 quo
1103 1746 1223 1797 haec

218 1816 355 1868 fiant
382 1836 393 1869 ε
423 1835 522 1885 pro
549 1835 616 1869 eo
642 1818 791 1885 quod
817 1836 926 1869 non
948 1818 1222 1870 credidisti

216 1889 396 1941 verbis
424 1891 574 1952 meiS,
601 1907 725 1958 quae
753 1890 1132 1958 implebuntur
1166 1891 1221 1942 in

218 1969 469 2028 tempore
495 1962 602 2014 suo,
679 1963 756 2014 Et
783 1971 899 2015 erat
930 1963 1087 2030 plebs
1122 1980 1223 2014 ex-

217 2031 446 2101 pectans
498 2035 807 2087 zachariam
873 2054 885 2087 ε
941 2043 997 2087 et
1058 2036 1221 2087 mira-

218 2107 421 2158 bantur
469 2108 619 2175 quod
679 2108 926 2159 tardaret
989 2108 1101 2175 ipse
1164 2109 1218 2159 in

216 2179 442 2246 templo,
539 2180 794 2247 Egressus
857 2188 1044 2232 autem
1109 2198 1220 2232 non

217 2258 436 2318 poterat
457 2250 608 2318 loqui
640 2253 711 2303 ad
741 2252 863 2303 illos
896 2273 907 2305 z
933 2261 988 2305 et
1015 2270 1220 2320 cogno-

217 2331 414 2375 uerunt
450 2324 599 2391 quod
626 2324 886 2376 vifionem
912 2326 1127 2377 vidisset
1164 2326 1217 2377 in

216 2396 442 2463 templo,
528 2397 604 2448 Et
655 2396 766 2463 ipse
817 2404 934 2449 erat
986 2398 1219 2449 innuens

217 2468 322 2518 illis
369 2487 380 2519 :
425 2475 481 2520 et
526 2469 822 2535 permanfit
866 2478 1066 2522 mutus,
1145 2470 1220 2521 Et

217 2537 423 2591 factum
451 2540 528 2592 est
565 2560 574 2591 :
611 2548 671 2592 vt
707 2541 919 2609 impleti
953 2542 1075 2593 sunt
1101 2543 1219 2594 dies

217 2613 379 2679 officij
407 2613 537 2674 eim,
561 2613 698 2680 abijt
726 2613 780 2664 in
802 2614 1031 2666 domum
1054 2614 1217 2666 suam.

217 2684 341 2735 Post
390 2684 491 2736 hos
549 2693 735 2737 autem
791 2686 911 2737 dies
967 2688 1222 2754 concepit

218 2756 500 2808 Elisabeth
528 2775 670 2808 vxor
697 2758 812 2808 eius
851 2774 863 2809 ε
898 2766 953 2810 et
981 2759 1221 2811 occulta-

216 2830 313 2880 bat
349 2829 400 2880 se
432 2830 704 2881 menfibus
731 2831 991 2897 quinque,
1017 2832 1220 2892 dicenS,

218 2900 366 2967 Quia
409 2901 476 2953 fic
519 2902 646 2953 fecit
688 2903 822 2953 mihi
863 2903 1121 2954 dominus
1163 2905 1218 2954 in

216 2974 412 3025 diebus
461 2975 661 3041 quibus
712 2974 952 3042 respexit
1007 2976 1219 3028 auferre

216 3046 574 3113 opprobrium
645 3063 831 3098 meum
902 3048 1046 3099 inter
1122 3049 1221 3100 ho-

220 3135 408 3171 mmes,

290 3191 377 3241 Tu
406 3197 591 3242 autem
620 3189 883 3244 domine³.
913 3192 1170 3258 vtsapra.

305 3262 361 3315 V.
423 3264 560 3314 Iube
580 3261 842 3315 domine³.
887 3266 997 3317 Ad.
1026 3265 1105 3331 iij.
1126 3267 1220 3317 lec-

219 3334 427 3397 tionem,
456 3335 513 3402 st
556 3353 660 3386 72072
689 3336 877 3402 suerit
917 3338 982 3388 a'e
1014 3338 1220 3403 stmffc'o,

217 3407 428 3459 dicitnr.
542 3408 859 3460 BenedichO.
980 3409 1220 3477 Spiritus

305 3539 320 3566 ¹
354 3540 706 3594 auangelizare:
741 3542 789 3584 P.

303 3597 320 3625 2
351 3609 395 3641 et
420 3614 428 3641 :
459 3600 584 3642 omit.
613 3601 661 3641 P.

304 3657 322 3683 3
354 3665 440 3701 etc.
465 3674 474 3702 ε
506 3659 609 3700 add.
641 3660 695 3700 R.
721 3659 768 3701 P.
795 3659 850 3700 A.

303 3714 318 3741 ‘²
352 3716 402 3758 in
426 3730 484 3759 m.
508 3716 565 3759 fo.
592 3717 660 3772 58.
706 3718 813 3761 vide
834 3733 874 3774 p.
908 3730 968 3771 14.

303 3774 321 3801 ⁶
353 3776 459 3816 vide
480 3789 521 3830 p.
553 3787 584 3817 1.

1307 372 1474 426 sancti
1510 376 1690 442 gratia
1726 374 1999 428 illuminet
2034 376 2228 440 sensuS‚
2253 383 2310 429 et

1306 448 1476 499 corda
1526 447 1720 500 nostra.
1808 449 1879 501 R.
1944 448 2148 502 Amen.
2240 449 2314 501 Si

1304 527 1484 571 autem
1496 519 1684 586 fuerit
1698 519 1763 571 de
1772 520 2091 586 sczniiaaut
2100 521 2313 587 fandis

1305 591 1519 643 dicitur.
1590 591 1908 645 Benedib‘lz‘a
1997 593 2168 644 Cuius
2230 593 2318 644 vel

1306 680 1541 730 quorum
1570 664 1658 715 vel
1681 681 1913 730 quarum
1950 663 2142 716 festum
2179 665 2312 716 coli-

1308 752 1445 797 muS,
1473 735 1584 802 ipse
1611 737 1698 788 vel
1718 736 1831 802 ipsa
1851 736 1939 788 vel
1959 736 2052 803 ips1
2075 737 2163 788 vel
2182 737 2310 804 ipsae

1308 807 1613 860 intercedat
1669 809 1757 859 vel
1806 808 2152 860 intercedant
2208 826 2310 876 pro

1307 879 1467 931 nobis
1502 880 1573 931 ad
1611 880 1915 934 dominum.
1987 881 2057 932 R.
2107 881 2310 932 Amen.

1307 951 1378 1002 In
1401 951 1649 1017 sabbatis
1674 969 1797 1003 vero
1830 952 1890 1003 in
1923 952 2117 1019 quibus
2137 953 2220 1020 fit
2249 952 2316 1004 de

1308 1023 1459 1075 beata
1509 1024 1725 1091 virgine
1767 1024 1972 1076 dicitur
2012 1024 2312 1077 benedidio„
2364 1022 2367 1026 ’

1310 1096 1412 1147 Per
1450 1095 1722 1163 virginem
1764 1104 1999 1148 matrem
2041 1097 2313 1149 concedat

1308 1168 1467 1220 nobis
1489 1168 1746 1220 dominus
1764 1168 2008 1230 salutem,
2025 1175 2081 1220 et
2097 1185 2308 1236 pacem.

1303 1240 1375 1292 R.
1425 1239 1630 1292 Amen.
1707 1240 2000 1293 Sciendum
2025 1241 2100 1309 est
2116 1249 2312 1302 autem,

1306 1312 1458 1379 quod.
1469 1312 1547 1379 iij.
1556 1311 1705 1364 leaz'o
1717 1313 1771 1364 in
1781 1313 1963 1364 triduo
1970 1321 2095 1364 ante
2093 1313 2311 1379 pascha,

1305 1384 1520 1452 etfestis
1534 1385 1746 1436 domini
1759 1385 2314 1452 mobilibusaffignata
2349 1431 2356 1439 ,

1304 1456 1380 1524 est
1411 1457 1469 1508 in
1506 1456 1599 1508 lioc
1632 1457 1950 1508 dominicali
1985 1457 2043 1509 in
2074 1457 2318 1526 proprisis

1305 1529 1442 1581 locis.
1516 1529 1598 1580 Et
1618 1546 1737 1595 quoe
1758 1529 1962 1582 dicitur
1985 1529 2042 1581 in
2065 1529 2315 1596 sabbatis

1306 1601 1370 1652 de
1395 1602 1545 1654 beata
1571 1601 1784 1668 virgine
1810 1601 2115 1653 inuenietur
2140 1602 2198 1654 in
2230 1601 2312 1668 of-

1291 1674 1425 1741 ficio
1449 1673 1616 1725 eidem
1647 1674 1905 1742 affignato
1925 1683 2031 1742 pro
2053 1673 2314 1741 sabbatis,

1308 1746 1510 1813 reliquo
1528 1754 1707 1797 autem
1723 1745 1863 1798 anni
1878 1755 2102 1813 tempore
2105 1746 2319 1813 fhmper

1295 1818 1526 1886 petenda
1550 1818 1624 1886 est
1641 1835 1707 1870 ex
1727 1818 2043 1872 calendario,
2104 1818 2315 1871 Finitis

1309 1891 1483 1943 tribus
1525 1890 1834 1943 lec‘Zz'onibus
1865 1899 1970 1958 per
2005 1899 2175 1943 totum
2214 1891 2312 1942 ad-

1307 1971 1526 2014 uentum
1554 1963 1612 2015 in
1636 1962 1933 2026 dominiciS,
1960 1971 2013 2015 et
2032 1963 2206 2030 ferijs
2228 1963 2312 2015 di-

1309 2036 1455 2087 citur
1463 2035 1712 2103 psalmus
1733 2033 2028 2088 Miserere⁴.
2056 2035 2114 2102 st
2132 2044 2312 2087 autem

1307 2116 1514 2176 agatur
1534 2108 1598 2159 de
1609 2108 1747 2177 festo
1771 2108 1988 2163 dicitur.
2041 2108 2314 2176 Hymnus.

1309 2181 1391 2232 Te
1419 2179 1625 2233 deum⁵.

1459 2297 1515 2354 (I
1543 2293 1648 2344 Ad
1666 2292 1865 2346 laudes.
1956 2292 2161 2361 Verstcs.

1426 2402 1541 2452 Eus
1570 2401 1624 2452 in
1651 2401 1986 2453 adiutorium
2014 2418 2199 2455 meum
2234 2403 2313 2454 in-

1459 2474 1641 2526 tende.
1716 2475 1785 2525 R.
1833 2474 2077 2525 Domine
2108 2477 2178 2527 ad
2214 2477 2312 2528 ad-

1308 2545 1613 2597 iuuandum
1634 2563 1722 2597 me
1739 2545 1945 2598 festina.
2003 2545 2192 2600 Gloria
2212 2548 2314 2600 Pa-

1307 2616 1415 2670 tri⁰.
1496 2618 1791 2671 Halleluia.

1378 2690 1590 2742 Deinde
1615 2699 1719 2743 tres
1743 2690 1962 2758 psalmi,
1989 2699 2050 2744 vt
2078 2691 2136 2744 in
2162 2691 2312 2759 psal-

1308 2763 1437 2814 terio
1473 2781 1492 2814 .·
1525 2763 1717 2830 quibus
1738 2763 1927 2831 finitis
1950 2782 2069 2816 cum
2095 2765 2310 2816 cantico.

1309 2834 1643 2887 Benedifius
1660 2836 1872 2890 dicitur.
1957 2837 2014 2890 V.
2068 2837 2311 2888 Domine

1306 2908 1512 2959 exaudi
1530 2908 1838 2959 orationem
1858 2907 2081 2962 meam⁷.
2125 2909 2196 2962 R.
2233 2909 2311 2962 Et

1307 2980 1518 3031 clamor
1545 2997 1702 3031 meus
1729 2981 1800 3032 ad
1828 2980 1921 3035 te⁸.

1427 3092 1638 3145 Deinde
1665 3093 1918 3147 Oremus,
1997 3095 2201 3148 Oratio·

1319 3193 1604 3296 EXcita‚
1676 3193 1989 3260 quaesumus
2070 3194 2311 3256 domine,

1459 3265 1767 3332 potentiam
1795 3273 1965 3328 tuam,
1984 3273 2038 3317 et
2058 3267 2182 3317 veni
2213 3284 2224 3318 :
2251 3276 2310 3318 vt

1308 3337 1379 3389 ab
1457 3338 1876 3389 imminentibus
1953 3347 2306 3405 peccatorum

1306 3409 1611 3461 nostrorum
1640 3411 1892 3477 periculis
1920 3418 1974 3462 te
2002 3427 2312 3463 mereamur

1393 3541 1411 3569 ⁶
1440 3550 1486 3587 et
1511 3543 1642 3587 Filio.
1698 3543 1828 3588 Sicut
1858 3551 1956 3588 erat
1979 3543 2025 3588 in
2049 3544 2277 3602 principio
2299 3560 2308 3589 ε

1307 3602 1412 3645 add.
1441 3604 1492 3645 R.
1520 3603 1568 3644 P.
1592 3604 1656 3652 A„

1392 3661 1408 3688 ⁷
1440 3670 1550 3704 etc.:
1587 3663 1642 3705 A.

1391 3718 1408 3746 8
1439 3721 1619 3763 veniat:
1644 3720 1746 3763 add.
1774 3722 1826 3764 R.
1841 3722 1886 3763 P.
1923 3720 1983 3764 ad
2006 3728 2050 3764 te
2073 3736 2081 3765 ε
2105 3721 2229 3764 omit.
2252 3722 2304 3765 A.
