2606 4126
311 282 409 345 158

310 397 570 450 derentur
656 398 930 450 cruciatus
1018 396 1312 464 negligere,

308 469 442 521 iussu
483 469 740 537 praefidiS‚
764 478 824 523 vt
861 476 1019 530 ,erant
1059 469 1214 536 ligati
1255 469 1310 518 in

309 558 462 594 mare
512 543 892 594 deturbantur.
968 542 1177 594 Diuino
1227 547 1309 591 ta-

310 630 436 666 men
490 632 718 666 munere
768 614 956 666 solutis
1005 613 1236 665 vinculis
1281 629 1311 663 e

309 685 511 753 pelago
562 687 684 738 sunt
747 686 1053 738 incolumes
1109 685 1309 752 egresfi.

311 759 514 809 Praeses
552 767 739 811 autem
778 759 884 810 hoc
923 758 1152 825 magicis
1184 757 1312 808 arti-

307 830 410 882 bus
453 831 740 895 ascribenS‚
776 831 930 882 iubet
968 848 1062 882 eos
1102 830 1157 880 in
1197 845 1311 880 car-

309 920 488 955 cerem
517 904 679 966 trudi,
707 921 770 954 ac
796 903 1055 970 postridie
1082 899 1312 953 edu&os

310 976 366 1026 in
400 992 666 1043 magnum
700 992 894 1042 rogum
923 975 1163 1025 immitti.
1244 974 1309 1024 In

311 1065 422 1115 quo
461 1065 587 1099 cum
620 1047 767 1099 illaesi
805 1047 1151 1098 nihilosecius
1191 1063 1311 1112 per-

309 1120 632 1182 manfissent,
684 1119 804 1187 post
854 1120 1144 1170 innumera
1194 1118 1314 1184 sup-

309 1193 476 1260 plicia
493 1193 691 1260 capitis
718 1192 1143 1243 obtruncatione
1171 1207 1313 1241 mar—

310 1265 457 1331 tyrio
492 1265 615 1316 sunt
650 1264 913 1325 coronati,
945 1271 1001 1315 et
1036 1263 1245 1314 ibidem
1280 1279 1312 1313 a

310 1337 631 1390 Christianis
694 1335 887 1403 sepulti
939 1353 1000 1386 .v.
1052 1334 1313 1386 calendas

312 1407 585 1463 Oetobris.
689 1407 938 1459 Processu
990 1424 1122 1458 vero
1173 1413 1314 1457 tem-

308 1482 457 1549 poris
478 1483 719 1532 Romam
737 1479 999 1542 translati,
1017 1480 1070 1530 in
1093 1478 1314 1530 eccles1a

310 1554 549 1621 ipsorum
602 1553 827 1605 nomine
877 1552 1063 1604 dicata
1124 1568 1314 1602 recon-

309 1628 527 1678 duntur.

710 1738 913 1792 Oratio,

321 1840 601 1944 PRaesta
627 1839 938 1908 quaesumus
960 1838 1314 1906 omnipotens

454 1914 606 1975 deuS,
625 1920 686 1964 vt
712 1912 805 1979 qui
834 1909 1144 1963 san6‘torum
1174 1928 1315 1962 mar-

309 1993 496 2053 tyrum
529 1993 751 2037 tuorum
786 1984 1000 2037 Cosmae
1028 1991 1084 2035 et
1120 1983 1316 2035 Dami-

310 2059 402 2110 ani
436 2057 691 2110 natalitia
725 2056 958 2108 colimus
991 2076 1002 2108 z
1038 2054 1070 2107 a
1102 2053 1315 2107 cunffffis

309 2129 469 2182 malis
521 2129 940 2181 imminentibus
992 2145 1180 2180 eorum
1234 2129 1314 2179 in-

309 2203 719 2255 tercesfionibus
746 2201 1043 2253 liberemur
1072 2219 1083 2254 z
1110 2218 1222 2269 per.

312 2343 368 2399 (I
426 2339 503 2390 M
502 2339 673 2391 z'cltael
726 2338 1077 2406 archangelus
1125 2338 1318 2405 duplex

347 2412 541 2464 mains,
591 2411 695 2462 Ad
715 2411 966 2478 vesperas
1018 2412 1288 2477 Hymnus.

418 2518 503 2570 Ibi
556 2517 766 2570 Christe
823 2517 1080 2586 splendor
1129 2518 1316 2586 patris,

485 2591 636 2652 Vita,
697 2591 870 2641 virtus
933 2590 1181 2642 cordium
1248 2592 1313 2641 In

309 2661 604 2729 conspe&u
632 2662 954 2729 angelorum
976 2663 1152 2725 Votis,
1180 2680 1316 2715 voce

312 2735 592 2804 psallimus
645 2755 655 2786 :
693 2735 1055 2786 Alternantes
1094 2752 1316 2787 concre-

312 2808 501 2875 pando
530 2807 709 2858 Melos
737 2807 935 2858 damus
962 2807 1204 2858 vocibus,

387 2878 785 2932 Collaudamus
810 2886 1137 2931 venerantes
1179 2879 1316 2932 Om-

313 2969 410 3003 nes
443 2952 567 3003 coeli
602 2951 806 3002 milites
835 2971 845 3002 :
887 2951 999 3004 Sed
1037 2953 1316 3019 praecipue

312 3025 609 3092 primatem
699 3023 950 3076 Coelestis
1037 3026 1316 3076 exercitus

315 3097 647 3148 Michaelem
683 3096 738 3147 in
775 3097 979 3148 virtute
1014 3096 1316 3149 Conteren-

311 3176 425 3221 tem
454 3169 705 3220 zabulon.

387 3240 515 3308 Quo
543 3240 766 3292 custode
793 3240 983 3308 procul
1011 3240 1158 3308 pelle
1188 3242 1316 3292 Rex

314 3312 509 3365 christe
540 3314 768 3380 pijsfime
803 3314 987 3366 Omne
1022 3314 1177 3365 nefas
1217 3314 1316 3364 ini-

315 3386 444 3437 mici
488 3386 704 3436 Mundo
755 3386 935 3448 corde,
989 3393 1044 3437 et
1085 3403 1317 3453 corpore

318 3457 574 3509 Paradiso
602 3457 771 3509 redde
798 3465 894 3509 tuo
924 3458 1042 3509 Nos
1071 3458 1182 3509 sola
1209 3458 1316 3510 cle-

317 3531 537 3581 mentia.

389 3602 636 3654 Gloriam
676 3602 818 3669 patri
859 3601 1091 3653 melodis
1133 3602 1315 3653 Perso-

315 3691 509 3726 nemus
535 3674 796 3726 vocibus:
829 3673 1074 3725 Gloriam
1105 3675 1317 3726 Christo

539 3799 555 3827 1
587 3799 662 3843 die
685 3812 751 3857 29.
776 3801 827 3842 iaz
851 3815 908 3842 m.

1151 300 1549 343 SEPTEM'BER.

1397 412 1661 446 canamus
1704 415 1715 447 ι
1758 394 2006 447 Gloriam
2058 379 2399 463 paracleto:

1398 467 1509 534 Qui
1556 468 1730 519 trinus
1773 476 1828 519 et
1879 484 2019 519 vnus
2061 467 2197 519 deus
2237 471 2399 517 extat

1396 548 1526 592 ante
1554 539 1741 614 secula.
1817 538 2021 592 Amen.

1799 651 2005 704 Oratio,

1516 745 1646 806 Eus,
1689 743 1783 811 qui
1825 744 1963 795 miro
2003 744 2195 795 ordine
2234 759 2401 809 ange-

1550 817 1727 868 lorum
1757 816 2067 876 ministeria,
2086 815 2401 866 hominum-

1400 906 1508 955 que
1526 888 1826 955 dispensas:
1845 889 2086 939 concede
2104 887 2400 954 propitius:

1397 970 1457 1012 vt
1496 962 1694 1028 quibus
1733 961 1834 1012 tibi
1875 959 2306 1028 ministrantibus
2345 959 2400 1010 in

1399 1033 1541 1085 coelo
1569 1034 1780 1100 semper
1806 1032 2054 1084 assistitur
2085 1051 2096 1083 :
2129 1032 2200 1082 ab
2233 1030 2317 1082 his
2345 1030 2399 1083 in

1399 1114 1542 1158 terra
1569 1106 1684 1158 vita
1712 1105 1893 1156 nostra
1920 1104 2201 1156 muniatur
2228 1122 2239 1154 ε
2266 1119 2374 1171 per.

1399 1223 1455 1280 (I
1484 1220 1534 1271 Α
1546 1219 1587 1270 d
1621 1219 1952 1271 matutinum
1981 1213 2401 1270 inuitatorimn¹.

1474 1312 1688 1379 Regem
1728 1309 2081 1378 angelorum²
2112 1310 2401 1362 dominum

1399 1385 1584 1436 venite
1611 1384 1919 1435 adoremus,

1762 1497 2032 1564 Hymnus,

1404 1589 1687 1694 CHriste
1705 1587 2014 1641 sanfitorum
2044 1588 2211 1639 decus
2239 1603 2405 1654 ange-

1536 1662 1728 1721 lorum,
1755 1659 1961 1713 Re8mr
1985 1660 2212 1711 humani
2239 1676 2405 1727 gene-

1403 1735 1489 1797 riS,
1541 1742 1597 1786 et
1648 1731 1840 1785 amstor
1891 1733 2069 1785 Nobis
2133 1739 2402 1784 aeternum

1400 1808 1579 1859 tribue
1600 1807 1871 1873 benignus
1887 1805 2164 1858 Scandere
2185 1803 2403 1856 coelum.

1473 1879 1757 1946 Angelum
1818 1879 1968 1946 pacis
2026 1875 2269 1928 Michael
2330 1875 2403 1928 ad

1401 1951 1600 2003 istam:
1639 1951 1873 2003 Coelitus
1913 1950 2059 2001 mitti
2099 1950 2405 2016 rogitamus

1400 2024 1586 2075 aulam
1614 2043 1624 2076 :
1652 2023 1830 2075 Nobis
1847 2031 1906 2075 vt
1933 2022 2123 2075 crebro
2150 2022 2406 2073 veniente

1401 2096 1644 2148 crescant
1673 2095 1934 2163 Prospera
1959 2092 2169 2146 cun&a.

1473 2168 1727 2236 Angelus
1805 2167 1960 2219 sortis
2043 2164 2283 2228 Gabriel,
2345 2171 2406 2218 vt

1400 2241 1611 2292 hostem
1653 2239 1830 2292 Pellat
1868 2240 2174 2307 antiquum,
2212 2237 2407 2290 volitet

1401 2314 1472 2365 ab
1507 2313 1622 2365 alto
1658 2333 1668 2365 ε
1704 2313 1921 2380 Saepius
1954 2311 2229 2379 templum
2254 2310 2407 2362 veni·

1401 2403 1498 2437 ens
1526 2387 1596 2437 ad
1625 2385 1764 2437 istud
1792 2384 1978 2436 Visere
2005 2384 2261 2435 nostrum.

1474 2457 1761 2525 Angelum
1790 2457 1951 2508 nobis
1982 2474 1993 2509 :
2021 2455 2298 2507 medicum
2328 2453 2406 2506 sa-

1401 2530 1531 2582 lutis
1568 2531 1733 2581 Mitte
1765 2530 1836 2581 de
1862 2528 2017 2580 coelis
2052 2527 2321 2595 Raphael,
2345 2534 2408 2579 vt

1401 2620 1595 2654 omnes
1624 2603 1797 2655 Sanet
1823 2608 2076 2670 aegrotos
2095 2600 2408 2668 pariterque

1402 2675 1611 2727 nostros
1640 2674 1861 2741 Dirigat
1887 2671 2057 2725 a6tus,

1478 2747 1628 2799 Hinc
1645 2747 1734 2798 dei
1756 2746 1919 2797 nostri
1937 2745 2179 2813 genitrix
2197 2744 2377 2796 Maria
2396 2761 2408 2796 ε

1401 2820 1580 2871 Totus
1601 2826 1656 2871 et
1677 2819 1836 2869 nobis
1858 2818 2056 2869 chorus
2083 2816 2408 2884 angelorum

1403 2892 1639 2959 Semper
1676 2890 1886 2954 assistat,
1929 2889 2109 2943 Simul
2149 2897 2204 2941 et
2243 2889 2409 2941 beata

1404 2964 1615 3017 Concio
1642 2971 1775 3015 tota.

1477 3035 1702 3087 Praestet
1729 3035 1834 3086 hoc
1864 3034 2024 3086 nobis
2045 3033 2223 3085 deitas
2240 3033 2407 3084 beata

1404 3108 1597 3170 Patris,
1624 3125 1687 3159 ac
1727 3108 1860 3168 nati,
1889 3108 2202 3174 pariterque
2238 3103 2409 3157 san&i

1405 3181 1658 3248 Spiritus,
1702 3181 1857 3231 cuius
1910 3180 2103 3230 reboat
2154 3178 2209 3230 in
2254 3177 2408 3230 omni

1405 3253 1595 3304 Gloria
1624 3253 1847 3304 mundo,
1923 3251 2127 3304 Amen.

1715 3365 1898 3417 Lec‘Zio
1924 3364 2098 3417 tertia.

1519 3457 1761 3510 Voniam
1775 3457 1942 3509 hodie
1955 3456 2149 3508 festum
2162 3454 2408 3507 Michae-

1558 3530 1622 3581 lis
1674 3529 2014 3597 Archangeli
2066 3527 2407 3579 celebramus

1403 3620 1513 3654 non
1541 3603 1644 3654 erit
1665 3602 1736 3653 ab
1758 3619 1813 3653 re
1834 3618 2012 3669 pauca
2029 3602 2098 3652 de
2119 3600 2404 3651 ordinibus

1402 3674 1829 3742 praestantiaque
1880 3672 2203 3740 angelorum
2254 3688 2404 3723 com-

1473 3800 1490 3827 2
1522 3800 1909 3856 archangelorum
1936 3813 1945 3842 t
1974 3799 2026 3841 R.
2050 3798 2097 3841 P.
2119 3797 2172 3840 A.
