2606 4126
1103 281 1445 322 AUGUSTUS·

249 372 305 436 CI
332 375 382 427 A
377 375 629 442 ſjicmptio
654 376 731 426 M
725 371 862 427 arz‘oe
885 374 1120 442 virginis
1137 375 1234 425 dn-

305 447 433 514 plex
478 447 656 498 maius
700 454 754 499 et
791 446 945 498 lcabet
990 447 1233 497 odanam

318 517 422 569 Ad
440 517 684 583 vesperas.

608 627 678 678 Η
658 644 871 693 ymnus.

319 734 446 786 Aue
472 734 634 785 maris
661 733 846 784 stella¹.

644 878 844 930 Oratio,

254 970 678 1073 FAmulorum
743 978 963 1021 tuorum
1028 969 1235 1036 quaesu-

366 1060 486 1093 mus
510 1042 732 1093 domine
752 1039 966 1092 defletis
994 1041 1232 1106 ignosce:

247 1121 307 1165 vt
355 1114 448 1180 qui
498 1113 598 1164 tibi
650 1112 866 1179 placere
910 1113 980 1163 de
1024 1109 1235 1162 a6tibus

248 1185 438 1236 nostris
477 1201 588 1235 non
625 1183 871 1234 valemus
910 1199 921 1235 ε
959 1183 1235 1249 genitricis

249 1256 342 1322 filij
395 1256 475 1307 tui
519 1255 727 1306 domini
754 1251 937 1305 'nostri
985 1254 1234 1305 interces-

247 1327 392 1378 sione
418 1327 686 1378 saluemur
713 1346 724 1377 :
750 1342 848 1393 per
873 1325 1122 1377 eundem.

249 1475 306 1532 (Ι
332 1470 434 1522 Ad
462 1471 788 1526 matutinum
821 1471 1195 1522 z‘nzcz'tatorimtz
1205 1469 1234 1523 ².

318 1563 520 1614 Venite
530 1563 819 1614 adoremus
829 1579 1012 1628 regem
1033 1579 1238 1628 regum,

249 1635 400 1685 cuius
417 1635 569 1701 virgo
591 1641 766 1685 mater
785 1633 948 1685 hodie
966 1634 1237 1700 assumpta

250 1705 325 1757 est
351 1706 420 1757 ad
449 1705 664 1757 coelum.

613 1836 880 1902 Hymnus,

324 1929 374 1982 O
402 1928 632 1996 gloriosa
658 1928 897 1979 domina.

319 2074 494 2127 Leffc'z'o
521 2074 681 2126 tertia
706 2092 769 2124 ex
777 2074 1020 2139 sermone
1044 2073 1184 2125 beati

604 2145 893 2197 Bernardz'.

253 2236 492 2338 VIrgo
526 2235 690 2286 hodie
716 2235 946 2301 gloriosa
973 2234 1134 2287 caelos
1162 2235 1240 2284 as-

382 2307 620 2358 cendens
643 2307 1018 2373 :supernorum
1036 2307 1239 2372 gaudia

253 2379 454 2430 ciuium
491 2395 501 2429 :
532 2378 757 2444 copiofis
795 2377 902 2428 fine
941 2378 1108 2427 dubio
1148 2395 1240 2428 cu-

253 2450 485 2501 mulauit
546 2450 866 2516 augmentis,
963 2450 1101 2499 Haec
1165 2449 1239 2499 est

254 2523 400 2572 enim
451 2521 602 2571 cuius
648 2520 983 2571 salutationis
1027 2538 1140 2571 vox
1185 2527 1239 2570 et

253 2593 393 2660 ipsos
441 2592 689 2643 exultare
738 2591 868 2642 facit
919 2593 971 2642 in
1021 2591 1239 2658 gaudiO,

254 2681 391 2731 quos
466 2671 712 2714 materna
785 2662 965 2714 adhuc
1040 2663 1240 2714 viscera

253 2735 515 2786 claudunt
560 2733 723 2801 Quod
769 2735 804 2784 si
854 2734 1067 2800 paruuli
1116 2750 1240 2784 nec-

255 2808 386 2858 dum
413 2806 527 2857 nati
555 2806 738 2856 anima
764 2803 1055 2871 liquefa6ta
1082 2805 1156 2855 est
1182 2812 1240 2855 vt

256 2878 426 2928 maria
459 2876 642 2927 locuta
676 2876 751 2927 est
779 2895 788 2926 :
816 2876 947 2943 quid
983 2880 1241 2942 putamus

255 2965 510 3016 quaenam
575 2949 667 2999 illa
729 2947 887 2998 fuerit
944 2947 1240 2998 coelestium

256 3020 525 3071 exultatio
573 3037 584 3070 ε
630 3037 754 3070 eum
806 3027 860 3069 et
903 3036 1094 3069 vocem
1148 3036 1242 3068 au-

255 3093 388 3155 dire,
416 3098 470 3141 et
495 3091 678 3141 videre
705 3090 898 3141 faciem
931 3108 940 3141 :
969 3098 1023 3140 et
1055 3088 1243 3140 beata3

257 3164 372 3213 eius
416 3162 517 3212 frui
562 3162 847 3228 praesentia
891 3161 1242 3211 meruerunt?

258 3233 433 3284 Nobis
488 3233 616 3283 vero
666 3233 964 3294 charissimi,
1014 3250 1136 3298 quae
1189 3233 1242 3281 in

257 3306 371 3355 eius
397 3304 757 3370 assumptione
793 3303 1127 3354 solennitatis
1155 3320 1244 3353 oc-

257 3375 424 3426 caslo?
462 3392 585 3442 quae
621 3373 803 3425 causa⁴
836 3374 1081 3425 laetitiae?
1120 3391 1243 3440 quae

258 3447 485 3498 materia
501 3445 858 3512 gaudiorum?
899 3446 1089 3496 Mariae
1107 3463 1244 3512 prae-

333 3618 359 3670 ,1
391 3625 475 3663 etc.
495 3618 596 3661 add.
611 3619 663 3661 R.
678 3619 723 3661 P.
759 3617 1154 3661 etc.fo.vlti:add.
1174 3619 1226 3660 Α.

345 3678 362 3705 2
393 3678 467 3721 die
495 3686 539 3731 15
565 3678 616 3719 in
639 3691 695 3718 m.

344 3737 361 3764 ³
390 3736 575 3779 beatam
606 3750 613 3777 ;
637 3736 689 3777 Α.

2204 279 2301 332 149

1316 374 1483 424 sentia
1510 379 1658 424 totus
1686 373 1978 425 illustratur
1997 376 2140 427 orbis
2161 378 2300 428 adeo

1316 452 1374 495 vt
1396 444 1507 510 ipsa
1528 445 1635 494 iam
1658 445 1885 495 coelestis
1913 447 2087 511 patria
2108 447 2301 498 clarius

1318 515 1501 566 rutilet
1549 516 1806 581 virgineae
1858 516 2127 582 lampadis
2174 519 2302 568 irra-

1317 587 1468 637 diata
1518 586 1740 651 fulgore.
1821 586 2021 637 Merito
2072 590 2302 654 proinde

1318 657 1530 707 resonat
1598 658 1651 706 in
1716 657 1940 707 excelsis
2003 659 2299 722 gratiarum

1317 726 1461 778 actio
1496 735 1551 778 et
1584 745 1695 778 vox
1735 728 1922 779 laudis,
2000 729 2108 780 Sed
2149 730 2299 796 plan-

1317 799 1559 864 gendum
1582 799 1738 849 nobis
1760 799 1940 865 potius
1961 817 2124 866 quam
2150 801 2302 867 plau-

1317 871 1558 920 dendum
1588 870 1689 920 esse
1716 871 1939 921 videtur.
2018 871 2299 937 Quantum

1318 942 1461 991 enim
1505 942 1574 991 de
1618 942 1731 991 eius
1777 941 2061 1006 praesentia
2102 942 2301 993 coelum

1318 1012 1532 1062 exultat
1550 1031 1560 1061 z
1578 1014 1822 1078 nunquid
1843 1029 1950 1062 non
1971 1013 2301 1079 consequens

1317 1083 1392 1133 est
1431 1091 1490 1134 vt
1527 1090 1743 1133 tantum
1783 1083 1968 1149 lugeat
2005 1083 2092 1134 hic
2127 1085 2305 1135 noster

1318 1153 1537 1204 inferior
1562 1155 1809 1215 mundus,
1834 1156 1948 1205 eius
1973 1155 2302 1206 absentiam?

1319 1225 1494 1276 Cesset
1516 1233 1698 1276 tamen
1718 1225 1937 1292 querela
1955 1226 2156 1277 nostra:
2176 1229 2303 1293 quia

1318 1314 1417 1347 nec
1439 1297 1596 1347 nobis
1619 1297 1704 1347 hic
1725 1297 1799 1347 est
1827 1314 2052 1347 manens
2074 1299 2266 1349 ciuitas
2293 1316 2304 1349 :

1319 1368 1408 1418 sed
1455 1366 1604 1418 eam⁵
1645 1368 1964 1434 inquirimus
2015 1370 2083 1419 ad
2136 1387 2302 1436 quam

1319 1439 1482 1489 hodie
1516 1439 1692 1489 Maria
1727 1438 2015 1490 benedicta
2042 1442 2302 1506 peruenit.

1322 1511 1386 1560 In
1425 1527 1591 1576 quam
1636 1511 1671 1560 s1
1710 1511 1994 1577 conscripti
2033 1513 2179 1562 ciues
2225 1513 2304 1562 su-

1322 1598 1441 1631 mus
1473 1598 1483 1631 :
1511 1581 1736 1647 dignum
1766 1581 2009 1648 profefito
2036 1583 2109 1633 est
2138 1584 2303 1634 etiam

1321 1653 1374 1702 in
1415 1653 1583 1703 exilio
1627 1670 1637 1703 :
1676 1654 1839 1717 etiarn
1882 1654 2036 1720 super
2079 1654 2306 1705 fiumina

1323 1723 1621 1789 Babylonis
1673 1725 1786 1774 eius
1838 1742 1934 1775 nos
1981 1727 2247 1776 recordari
2296 1746 2306 1777 :

1322 1796 1436 1844 eius
1469 1797 1871 1846 communicare
1905 1797 2121 1862 gaudijs
2153 1814 2163 1847 :
2191 1799 2307 1848 eius

1322 1867 1647 1932 participare
1692 1867 1938 1917 laetitiam
1984 1887 1993 1917 ε
2037 1869 2307 1931 maxime-

1322 1955 1428 2003 que
1467 1955 1587 1987 eam
1628 1955 1750 2004 quae
1791 1946 1905 1988 tam
1946 1939 2162 2005 copioso
2208 1940 2307 1989 im-

1321 2017 1452 2075 petu
1513 2009 1752 2059 laetificat
1810 2009 1974 2060 hodie
2029 2011 2307 2061 'ciuitatem

1323 2081 1409 2130 dei
1434 2087 1518 2130 :vt
1540 2081 1830 2131 sentiamus
1852 2088 1907 2131 et
1927 2081 2019 2147 ips1
2041 2081 2308 2133 stillicidia

1322 2151 1576 2202 stillantia
1598 2152 1753 2218 super
1778 2158 1992 2203 terram.
2045 2153 2309 2204 Praecessit

1322 2240 1421 2272 nos
1472 2223 1657 2289 regina
1708 2223 1885 2273 nostra
1935 2225 2208 2289 praecesfit,
2254 2232 2309 2275 et

1322 2302 1435 2344 tam
1458 2294 1702 2359 gloriosae
1725 2294 1965 2360 suscepta
1986 2295 2073 2355 est,
2092 2302 2151 2345 vt
2173 2295 2310 2346 fidu-

1321 2365 1530 2415 cialiter
1567 2366 1858 2431 sequantur
1890 2367 2171 2417 dominam
2209 2367 2309 2417 ser-

1322 2437 1432 2486 uuli
1474 2436 1788 2498 clamantes,
1830 2437 2012 2487 Trahe
2053 2455 2152 2487 nos
2191 2438 2310 2504 post

1322 2516 1377 2559 te
1414 2527 1423 2558 :
1458 2508 1511 2557 in
1549 2508 1716 2558 odore
1750 2515 2150 2573 vnguentorum
2191 2517 2311 2560 tuo-

1322 2596 1440 2629 rum
1462 2596 1751 2631 curremuS.
1800 2580 2151 2630 Aduocatam
2174 2597 2309 2646 prae-

1325 2652 1462 2701 misit
1519 2651 1884 2717 peregrinatio
1944 2651 2135 2712 nostra,
2187 2669 2311 2718 quae

1323 2729 1587 2788 tanquam
1610 2723 1800 2772 iudicis
1823 2729 1997 2772 mater
2025 2739 2036 2773 :
2062 2730 2116 2773 et
2138 2732 2313 2774 mater

1325 2794 1699 2843 misericordiae
1723 2792 2033 2859 suppliciter
2052 2801 2106 2844 et
2134 2795 2312 2844 effica-

1324 2866 1457 2916 citer
1488 2864 1671 2915 salutis
1705 2864 1895 2915 nostrae
1932 2866 2160 2931 negocia
2195 2883 2314 2933 per-

1325 2935 1592 2987 trmstabit.

1326 3070 1380 3126 ΙΙ
1399 3066 1711 3116 Bernartius
1730 3066 1892 3116 abbas
1911 3065 2101 3131 duplex
2122 3067 2313 3121 minus,

1610 3137 1790 3205 LeHz'O
1829 3138 1985 3187 tertia
1998 3138 2026 3188 ⁶.

1341 3230 1708 3330 ssErnardus
1731 3229 1996 3309 Fontanis
2016 3231 2182 3295 (quod
2205 3231 2314 3311 cas-

1464 3300 1656 3351 tellum
1717 3299 1792 3350 est
1855 3316 1909 3349 1n
1974 3301 2311 3369 Burgundla)

1329 3372 1563 3422 honestis
1609 3370 1925 3437 parentibus
1971 3379 2131 3422 natus
2177 3380 2317 3423 tem-

1330 3460 1460 3510 pore
1512 3442 1745 3508 Eugenij
1799 3459 1957 3509 papae
2002 3443 2144 3509 tertij
2198 3451 2311 3495 tam

1417 3614 1432 3642 4
1462 3629 1567 3659 earn
1595 3629 1603 3658 :
1631 3616 1677 3657 P.

1416 3674 1432 3700 5
1465 3687 1567 3715 eam
1597 3689 1604 3716 :
1629 3687 1712 3716 om.
1741 3675 1787 3716 P.

1418 3732 1434 3758 ⁶
1466 3732 1538 3774 die
1564 3743 1617 3773 20
1639 3732 1688 3773 in
1712 3746 1767 3773 m.
