2606 4126
1203 238 1434 278 IUNIUS.

280 329 625 397 sepulchrum·
651 330 910 383 liberatus
946 328 1020 382 est
1052 351 1062 382 ε
1092 348 1266 397 eoque

282 401 544 463 miraculo
570 403 713 454 idem
741 409 796 453 et
822 411 977 469 pater
1002 403 1070 453 ad
1099 402 1263 453 fidem

283 472 476 523 Christi
502 472 738 523 conuersi
767 473 899 524 sunt.
956 480 1011 523 et
1038 490 1121 524 res
1148 480 1266 523 tota

279 541 568 609 patefacta.
627 544 758 594 Passi
787 544 906 594 sunt
941 551 1125 595 autem
1155 544 1267 594 Ro-

281 629 384 664 mae
413 613 567 665 sexto
594 613 847 665 calendas
876 614 1016 680 Iulij.

675 738 876 791 Oratio,

283 820 683 927 OVaesumus
709 823 1059 888 omnipotens
1092 822 1225 873 deus
1255 842 1265 873 x

299 914 383 943 aa
432 899 493 943 vt
555 909 656 943 nos
704 894 996 959 geminata
1052 891 1264 944 laetitia¹

279 962 555 1014 hodiernae
631 963 933 1015 festiuitatis
1008 965 1262 1030 excipiat,

277 1050 400 1099 quae
462 1035 531 1086 de
591 1033 878 1085 beatorum
936 1035 1157 1086 Ioannis
1210 1043 1265 1087 et

281 1104 432 1155 Pauli
493 1103 889 1171 glorificatione
950 1107 1196 1173 procedit
1256 1126 1266 1157 :

279 1192 417 1241 quos
455 1177 644 1227 eadem
684 1176 818 1227 fides
846 1184 901 1228 et
938 1178 1102 1244 passio
1141 1195 1265 1229 vere

280 1247 407 1297 fecit
435 1247 538 1298 esse
563 1264 855 1314 germanos
886 1265 897 1300 :
924 1265 1032 1315 per.

307 1375 363 1430 (Ι
403 1371 510 1422 Leo
533 1380 679 1439 papa
715 1373 976 1439 confessor.
1050 1373 1231 1425 Lel'lc'o

677 1445 872 1496 tertz'a2.

289 1527 430 1631 Eo
465 1528 728 1580 secundus
766 1546 912 1596 papa
950 1530 1171 1581 natione
1207 1530 1265 1580 s1-

423 1599 575 1650 culus
626 1601 707 1651 vir
754 1618 930 1667 graece
993 1609 1047 1652 et
1097 1601 1264 1652 latine

276 1669 604 1722 dotffisfimus
665 1690 675 1722 :
738 1672 989 1738 pontifex
1052 1681 1263 1724 creatus

277 1742 519 1803 instituit,
542 1750 601 1793 vt
628 1743 680 1792 in
710 1744 875 1794 missae
902 1743 1263 1795 celebratione

276 1831 390 1880 pax
440 1813 647 1880 populo
698 1814 928 1866 daretur.
991 1811 1163 1876 fftem,
1204 1823 1263 1866 vt

276 1885 369 1951 qui
444 1886 514 1935 ad
590 1884 1109 1952 archiepiscopatum
1185 1887 1262 1937 as-

232 2004 241 2012 ,
277 1956 520 2022 sumptus
547 1956 688 2014 esset,
712 1974 810 2022 pro
836 1957 925 2007 vsu
952 1957 1100 2023 pallij
1126 1957 1263 2023 alijs-

276 2044 382 2093 que
417 2027 590 2090 rebuS‚
626 2028 754 2078 nihil
795 2028 1027 2079 ecclefiae
1062 2029 1264 2080 tribue-

276 2106 356 2148 ret
385 2118 394 2149 :
421 2115 544 2149 cum
582 2116 654 2149 ex
686 2116 750 2150 ea
777 2100 1063 2165 largitione
1092 2101 1263 2151 multa

277 2169 424 2220 mala
475 2177 794 2222 notarentur
833 2171 1075 2222 existere.
1152 2173 1261 2238 Qui

277 2257 401 2291 cum
437 2258 534 2307 per
568 2242 889 2308 singularem
928 2242 1264 2308 religionem,

276 2313 469 2362 miram
509 2313 788 2378 pietatem,
825 2322 989 2379 atque
1028 2314 1261 2364 clemen-

276 2383 410 2434 tiam
467 2383 710 2450 plurimis
761 2383 1010 2436 do&rina
1061 2393 1114 2435 et
1166 2403 1263 2436 ex-

276 2453 460 2521 emplo
494 2456 564 2506 ad
603 2455 858 2506 iustitiam
897 2473 961 2506 ac
999 2457 1261 2522 pietatem

275 2525 550 2592 profuisset
580 2543 591 2577 ε
619 2526 968 2592 pontificatus
986 2527 1060 2578 sui
1083 2529 1263 2579 mense

275 2597 488 2648 decimo
516 2599 752 2659 moritur,
774 2598 1133 2666 sepeliturque
1155 2599 1262 2650 col-

275 2668 739 2735 lachrymantibus
813 2670 1067 2721 omnibus
1142 2679 1261 2722 tan-

275 2756 441 2805 quam
468 2740 688 2807 publico
716 2749 941 2808 parente
969 2741 1171 2793 orbatis
1208 2744 1262 2793 in

276 2810 489 2862 basilica
541 2813 685 2863 Petri
748 2820 944 2880 quarto
1006 2814 1262 2865 calendas

277 2881 416 2949 Iulij.

633 3001 835 3054 Oratio,

284 3093 519 3195 DEUS,
576 3094 668 3160 qui
731 3094 952 3146 beatum
1020 3096 1262 3147 Leonem

423 3165 738 3231 pontificem
775 3172 930 3218 tuum
959 3165 1262 3218 sanctorum

275 3242 491 3286 tuorum
532 3237 735 3287 meritis
763 3238 1051 3304 coaequasti
1091 3258 1102 3289 z
1137 3256 1263 3289 con-

276 3306 408 3356 cede
425 3309 690 3373 propitius
713 3327 722 3358 :
742 3316 800 3359 vt
821 3310 912 3374 qui
931 3326 1263 3360 commemo-

277 3378 500 3428 rationis
537 3379 652 3429 eius
694 3378 824 3429 festa
874 3381 1199 3446 percolimus
1253 3401 1262 3431 :

362 3570 377 3598 Ῑ
408 3569 532 3615 lae‘tia
559 3588 567 3615 2
592 3573 644 3614 Α.

362 3628 378 3655 ²
409 3629 483 3672 die
507 3630 573 3672 28.
602 3630 651 3672 ilc
675 3645 730 3673 m.

363 3687 379 3714 3
411 3688 666 3732 matutinas
688 3704 703 3732 .·
728 3690 773 3731 P.

2242 232 2339 285 Ι37

1351 331 1478 381 vitae
1506 347 1724 396 quoque
1752 329 2026 381 imitemur
2046 330 2303 396 exempla
2326 349 2337 381 :

1352 418 1461 467 per.

1352 524 1407 580 (Ι
1448 520 1647 571 Petrus
1669 528 1721 571 et
1742 521 1956 572 Paulus
1978 520 2027 571 A
2030 521 2219 588 postoli
2242 522 2339 571 dn-

1407 591 1537 657 plex
1565 593 1755 642 maius.
1781 600 1832 643 et
1861 592 2054 643 habent
2087 601 2338 643 octauam.

1421 663 1524 712 Ad
1543 663 1788 729 vesperas,
1862 663 2128 730 Hymnus.

1430 763 1575 814 Vrea
1595 762 1726 824 luce,
1746 771 1799 814 et
1820 764 2013 814 decore
2033 763 2183 814 roseo
2211 763 2338 814 Lux

1491 834 1624 885 lucis
1669 851 1832 884 omne
1876 834 2153 901 perfudisti
2197 834 2340 884 secu-

1350 904 1464 955 lum
1517 925 1527 956 :
1584 906 1863 956 Decorans
1913 905 2083 956 coelos
2134 905 2340 970 inclyto

1352 976 1612 1043 martyrio
1643 977 1766 1027 Hac
1794 976 1939 1028 sacra
1965 977 2071 1040 die,
2094 993 2215 1042 quae
2244 978 2340 1027 dat

1351 1048 1457 1098 reis
1480 1047 1710 1099 veniam.

1425 1120 1634 1169 Ianitor
1667 1118 1806 1179 coeli,
1833 1116 2025 1169 dofftor
2062 1118 2206 1169 orbis
2247 1136 2340 1184 pa-

1351 1190 1478 1240 riter
1525 1191 1738 1241 Iudices
1789 1190 1924 1251 secli,
1974 1207 2100 1240 vera
2151 1190 2340 1239 mundi

1349 1260 1558 1311 lumina
1586 1262 1688 1312 Per
1721 1278 1936 1312 crucem
1977 1261 2113 1311 alter
2155 1277 2165 1311 :
2204 1260 2342 1310 alter

1351 1332 1473 1383 ense
1512 1332 1853 1399 triumphans
1898 1333 2045 1383 Vitae
2097 1332 2340 1382 senatum

1351 1402 1580 1454 laureati
1609 1404 1888 1470 possident.

1423 1474 1508 1526 Sit
1542 1475 1771 1525 trinitati
1800 1474 2125 1540 sempiterna
2152 1473 2339 1540 gloria,

1354 1546 1562 1606 Honor,
1589 1546 1824 1612 potestas
1856 1565 1866 1596 ι
1896 1554 2061 1611 atque
2092 1545 2341 1596 iubilatio

1352 1617 1417 1667 In
1456 1618 1664 1668 vnitate
1703 1618 1787 1667 cui
1827 1624 2014 1667 manet
2052 1617 2339 1682 imperium

1351 1688 1441 1738 Ex
1491 1696 1620 1739 tunc
1670 1696 1725 1739 et
1775 1688 1941 1738 modo
1992 1705 2088 1754 per
2137 1695 2341 1739 aeterna

1350 1759 1536 1810 secula.
1612 1759 1812 1811 Amen.

1745 1870 1946 1923 Oratio,
2040 1897 2043 1899 >

1464 1965 1592 2023 Eus,
1659 1964 1751 2030 qui
1810 1963 2130 2014 hodiernam
2193 1964 2339 2015 diem

1498 2035 1864 2102 apostolorum
1917 2043 2135 2086 tuorum
2180 2035 2341 2098 Petri,

1348 2115 1403 2158 et
1446 2108 1598 2158 Pauli
1645 2107 1907 2172 martyrio
1957 2106 2271 2157 consecrasti
2326 2126 2337 2158 z

1347 2179 1419 2228 da
1460 2178 1691 2229 ecclesiae
1742 2186 1851 2228 tuae
1897 2194 2084 2228 eorum
2131 2178 2184 2227 in
2223 2195 2340 2228 om-

1350 2251 1508 2300 nibus
1527 2249 1670 2316 sequi
1692 2256 2028 2315 praeceptum
2055 2267 2064 2298 :
2090 2266 2183 2314 per
2201 2266 2338 2314 quos

1348 2321 1625 2387 religionis
1647 2320 1863 2386 sumpsit
1884 2320 2174 2370 exordium
2204 2339 2214 2370 ε
2242 2338 2338 2386 per

1349 2393 1651 2452 dominum..

1349 2515 1404 2570 61
1445 2511 1492 2561 A
1504 2511 1547 2561 d
1577 2500 1932 2562 matutinmffl
1960 2510 2339 2562 inuitatorz'um

1418 2591 1469 2633 et
1491 2583 1720 2649 hymnus
1753 2583 1817 2632 de
1850 2582 2118 2633 communi
2147 2583 2338 2650 aposto-

1419 2655 1606 2705 lorum.
1679 2654 1859 2705 Leffc‘z'o
1885 2654 2044 2704 tertia
2052 2655 2084 2705 4.

1358 2739 1618 2841 PEtrus
1663 2739 1913 2805 princeps
1955 2738 2337 2804 apostolorum,

1488 2811 1572 2861 cui
1619 2810 1858 2862 Christus
1909 2809 2215 2860 ascensurus
2266 2811 2334 2860 ad

1350 2889 1559 2947 patrem
1574 2881 1724 2932 suum
1742 2898 1962 2947 gregem
1981 2880 2337 2947 pascendum⁵

1350 2954 1403 3003 id
1433 2953 1507 3003 est
1534 2953 1680 3003 suam
1718 2952 1994 3003 eccleslam
2029 2952 2335 3017 gubernan-

1350 3023 1506 3075 dam⁶
1551 3032 1633 3074 ter
1683 3023 2093 3073 commendauit
2144 3042 2154 3073 :
2210 3040 2334 3074 cum

1350 3095 1523 3146 multa
1549 3094 1665 3161 post
1693 3094 1884 3146 Christi
1912 3093 2184 3144 ascensum
2212 3111 2335 3144 cum

1349 3166 1603 3233 apostolis
1624 3165 1943 3226 confecisset,
1964 3182 2085 3231 quae
2112 3166 2182 3216 ad
2210 3182 2337 3216 con-

1350 3237 1677 3288 stituendam
1719 3244 1773 3287 et
1814 3237 2228 3302 propagandam
2276 3235 2334 3285 fi-

1350 3309 1477 3359 dem
1552 3308 1897 3374 pertinerent,
1967 3307 2177 3357 caeteris
2240 3323 2335 3373 per

1350 3381 1536 3430 orbem
1560 3378 1800 3445 dispersis
1818 3380 1886 3429 ad
1911 3378 2335 3444 praedicandum,

1438 3574 1453 3600 4
1485 3573 1558 3617 dic
1584 3586 1649 3627 29.
1674 3573 1723 3615 in
1747 3588 1802 3615 m.

1438 3633 1453 3658 2³
1485 3631 1760 3687 pascendam
1790 3647 1797 3674 ι
1826 3633 1869 3674 1¹.

1439 3690 1454 3715 ‘³
1485 3689 1837 3744 gubernandum
1868 3705 1875 3733 ;
1902 3691 1948 3735 Ρ,
