2606 4126
1036 262 1429 305 SEPTEMBER.

203 359 682 427 supplicationibus
699 358 1016 426 propitiam,
1033 374 1191 409 exer-

203 433 371 482 citum
399 432 752 498 comparauit.
829 430 970 482 Cum
998 446 1107 495 quo
1135 429 1189 479 in

202 502 408 553 hostem
447 498 736 568 profectu&
773 508 884 552 tres
936 499 1190 552 Cosdroae

202 574 368 623 duces
418 590 542 624 cum
595 572 809 638 magnis
859 571 1191 622 exercitibus

202 644 374 694 tribus
418 642 619 710 praelijs
663 643 848 694 diuina
889 659 996 707 ope
1040 641 1191 707 supe-

205 715 359 765 rauit.
438 715 542 764 His
569 721 753 764 autem
780 713 1028 764 cladibus
1056 711 1191 761 frac-

203 793 291 835 tus
331 785 611 845 Cosdroas‚
649 784 779 834 dum
827 783 1012 848 fugam
1051 782 1192 833 vltra

204 855 412 922 Tigrim
456 862 627 922 parat,
670 854 976 905 Medarsem
1021 853 1191 903 filium

205 926 663 992 regniconsortem
675 925 984 976 declarauit.
1010 924 1191 990 Quam

203 997 591 1049 contumeliam
663 995 959 1062 Syrochius
1021 995 1195 1045 maior

206 1076 336 1118 natu
372 1067 511 1118 filius
547 1084 656 1118 non
681 1066 881 1127 ‘serenS,
908 1067 1049 1133 patri
1089 1066 1192 1116 fra-

204 1140 383 1204 trique
422 1155 628 1198 necem,
666 1155 832 1204 quam
872 1137 1036 1204 paulo
1075 1137 1193 1203 post

205 1227 278 1262 ex
322 1210 452 1275 fuga
503 1207 749 1260 retractis
800 1209 996 1269 intulit,
1037 1208 1194 1258 moli-

207 1289 326 1332 tur:
353 1297 655 1347 pacemque
681 1287 737 1331 et
763 1287 1052 1346 paternum
1076 1296 1193 1345 reg-

207 1368 336 1403 num
380 1353 638 1418 impetrat
679 1351 750 1402 ab
793 1350 1031 1402 heraclio
1075 1351 1192 1417 qui-

206 1423 431 1474 busdam
488 1423 725 1489 acceptis
775 1423 1192 1473 conditionibus,

207 1494 452 1560 Quarum
503 1511 568 1545 ea
623 1494 725 1545 fuit
775 1494 829 1544 in
881 1494 1085 1560 primiS,
1134 1500 1194 1544 vt

205 1581 420 1615 crucem
483 1565 816 1616 dominicam
881 1564 1191 1615 restitueret.

208 1635 332 1701 Qua
389 1636 508 1702 post
558 1653 731 1686 annos
781 1636 1193 1702 quatuordecim

205 1724 371 1773 quam
391 1715 614 1758 venerat
641 1708 694 1757 in
723 1706 1045 1773 potestatem
1073 1707 1194 1757 bar-

206 1779 462 1829 barorum
485 1786 718 1844 recepta,
739 1778 1024 1829 Heraclius
1049 1778 1193 1828 Iero-

204 1848 469 1916 solymam
497 1850 795 1901 reuertitur.
837 1849 999 1901 Vnde
1026 1849 1194 1915 ipsam

204 1921 259 1971 in
304 1920 509 1971 solenni
550 1937 756 1987 pompa
805 1920 908 1970 suis
957 1919 1196 1970 humeris

206 1993 276 2042 ad
324 1991 592 2044 Caluariae
643 1999 888 2042 montem
939 1992 1193 2058 portauit.

206 2062 474 2114 Miraculo
501 2070 686 2114 autem
714 2063 906 2113 datum
936 2062 1024 2123 est,
1045 2062 1194 2128 quod

205 2142 266 2186 vt
307 2142 422 2185 erat
463 2151 595 2184 auro
640 2141 694 2185 et
733 2134 964 2199 gemmis
1003 2134 1194 2195 cultuS,

206 2206 260 2255 in
289 2205 493 2271 egressu
520 2205 665 2256 vrbis
693 2205 1009 2271 aliquandiu
1045 2204 1194 2255 haess-

204 2278 382 2327 tauit:
419 2277 750 2343 imaginatus
790 2276 840 2326 se
879 2276 1032 2326 exitu
1071 2292 1193 2341 pro-

205 2348 392 2410 hiberi,
419 2347 592 2399 donec
621 2347 860 2398 monitus
886 2364 918 2398 a
946 2347 1194 2397 zacharia

205 2419 457 2480 antistite,
496 2418 705 2470 videret
749 2435 817 2469 ne
862 2435 1054 2485 parum
1094 2418 1194 2469 rite

205 2490 420 2551 faceret,
470 2491 618 2556 quod
683 2489 952 2542 Christum
1016 2490 1194 2540 imita-

205 2569 351 2612 retur
377 2562 430 2611 in
454 2561 675 2612 ferenda
697 2578 853 2612 cruce
875 2560 1192 2627 triumphali

205 2634 384 2684 nitens
411 2632 574 2695 cultu,
601 2649 726 2683 cum
762 2632 851 2682 ille
888 2633 1048 2682 nudis
1086 2632 1192 2682 cal-

204 2704 369 2762 cibm,
421 2712 586 2770 atque
646 2703 923 2754 humiliter
979 2703 1194 2766 tulisset,

205 2783 418 2826 mutata
434 2775 577 2826 veste
604 2775 710 2825 fine
732 2775 933 2825 offensa
959 2775 1194 2826 confecit

206 2846 472 2912 reliquum
500 2848 617 2911 viae.
673 2846 783 2898 Vbi
810 2844 961 2896 vero1
989 2846 1065 2896 ad·
1086 2846 1192 2896 cal-

206 2919 370 2968 uariae
397 2917 577 2968 locum
609 2917 684 2968 est
710 2924 951 2978 ventum,
977 2918 1049 2968 ibi
1077 2934 1194 2967 cru-

205 3005 324 3040 cem
353 2989 551 3049 statuit,
577 2988 722 3039 vnde
748 2988 923 3039 fuerat
961 3005 992 3038 a
1028 2989 1194 3039 Perfis

206 3060 429 3111 sublata.
506 3059 879 3127 Quamobrem
932 3059 1193 3110 statutum

206 3131 281 3182 est
306 3138 365 3182 vt
391 3132 562 3181 crucis
590 3130 859 3181 exaltatio
887 3148 1070 3181 annua
1097 3130 1195 3181 fes-

206 3202 422 3253 tiuitate
449 3201 820 3252 celebraretur.
863 3201 1194 3267 Quanquam

209 3273 393 3324 multis
432 3273 552 3339 alijs
592 3273 862 3323 miraculis
902 3274 1094 3323 eadem
1135 3273 1195 3323 fit

206 3343 470 3395 exaltata.
558 3344 637 3394 Vt
699 3343 922 3410 quando
985 3344 1193 3410 fignum

207 3416 322 3466 eius
373 3416 426 3465 in
479 3414 620 3465 coelo
671 3431 743 3464 ex
794 3414 939 3465 claro
991 3414 1196 3465 lumine

207 3483 531 3547 confeftum,
588 3485 897 3537 declinante
960 3485 1013 3537 in
1078 3486 1196 3552 post

295 3662 311 3690 1
342 3677 450 3706 vero
479 3678 487 3707 :
510 3676 593 3705 om.
621 3664 669 3707 P.

295 3720 312 3748 ²
343 3722 416 3765 die
445 3731 506 3777 15.
528 3722 578 3764 z'n
601 3736 658 3764 m.

2169 263 2262 318 Ι55

1277 361 1639 412 meridianum
1658 361 1779 424 sole,
1794 362 1962 414 visum
1983 363 2056 414 est
2075 381 2106 414 a
2124 365 2268 416 Con-

1276 430 1512 482 stantino
1547 439 1602 483 et
1637 433 1752 483 eius
1787 435 2047 496 exercitu,
2073 434 2176 485 hoc
2211 453 2265 486 a-

1277 500 1472 568 scripto
1504 502 1777 563 verficuIO,
1816 502 2171 556 Constantine
2211 507 2263 556 in

1275 572 1380 623 hoc
1428 574 1597 625 vince.
1674 573 1799 640 Qua
1847 575 2046 625 visione
2108 575 2265 626 laetus

1277 643 1681 706 Constantinu5‚
1721 645 1927 696 vexilla
1965 646 2056 696 sua
2094 646 2267 713 figura

1275 715 1447 765 crucis
1493 714 1779 781 infigniuit.
1858 714 2135 768 Profectus
2174 719 2267 768 de-

1278 785 1404 836 inde
1425 786 1494 836 ad
1523 786 1770 852 praelium
1799 787 1992 853 plenus
2021 788 2124 854 spe,
2145 788 2266 839 sub-

1277 855 1408 907 stitit
1434 857 1504 907 ad
1541 865 1768 923 pontem
1807 858 2076 918 Miluium‚
2103 860 2267 909 Max-

1278 928 1487 978 entium
1550 926 1867 994 expe6tan5.
1961 928 2071 995 Qui
2134 930 2266 981 vrbe

1280 998 1474 1060 Roma,
1527 1016 1693 1064 quam
1744 999 1981 1060 tenebat,
2033 1001 2266 1067 egressus

1277 1085 1401 1119 cum
1436 1078 1661 1136 pontem
1696 1087 1767 1121 ex
1806 1071 2072 1121 nauiculis
2110 1079 2267 1138 apta-

1277 1147 1409 1201 tum,
1431 1158 1540 1207 quo
1567 1140 1828 1207 Tyberim
1858 1142 1967 1208 ipse
1995 1143 2265 1204 iunxerat,

1277 1211 1522 1263 transiret
1573 1231 1583 1262 :
1635 1229 1700 1262 eo
1752 1213 2052 1264 subfidente
2102 1221 2267 1280 atque

1278 1280 1515 1344 difie&0‚
1545 1283 1846 1334 submersus
1874 1284 1948 1335 est
1975 1300 2100 1335 cum
2129 1285 2265 1335 mul-

1277 1354 1346 1405 tis
1385 1355 1608 1405 armatis
1641 1374 1651 1405 :
1684 1355 2131 1422 incruentamque
2156 1357 2265 1407 vic-

1277 1425 1475 1477 toriam
1516 1426 1761 1492 religioso
1797 1427 2110 1494 imperatori
2146 1427 2265 1479 reli-

1277 1496 1409 1562 quit.

1279 1614 1334 1670 ΙΙ
1388 1609 1659 1663 Cornelius
1689 1619 1834 1678 papa
1876 1619 1929 1663 et
1973 1611 2269 1677 Cyprianus

1277 1682 1531 1748 episcopus
1555 1691 1828 1748 martyres,
1866 1683 2046 1734 Lec‘Zz'o
2072 1684 2228 1735 tertia
2236 1683 2268 1736 ².

1285 1772 1635 1876 COrnelius
1652 1775 1828 1841 patria
1841 1775 2123 1834 Romanus
2133 1793 2268 1843 pon-

1414 1845 1680 1896 tificatum
1708 1847 1860 1913 gessit
1881 1854 2127 1913 tempore
2156 1848 2265 1898 De-

1280 1912 1344 1978 cij
1375 1916 1732 1983 imperatoris,
1774 1918 1882 1968 Hic
1902 1919 2268 1970 cumLucina

1281 1995 1532 2038 matrona
1594 1986 1916 2040 sanffitisfima
1979 1989 2265 2041 beatorum

1282 2056 1425 2109 Petri
1462 2066 1517 2110 et
1557 2059 1709 2110 Pauli
1748 2077 1974 2126 corpora
2013 2078 2045 2111 a
2083 2060 2267 2111 catha-

1281 2130 1491 2181 cumbis
1544 2150 1554 2181 :
1604 2130 1695 2181 vbi
1758 2132 1938 2182 minus
1994 2139 2114 2183 tuta
2164 2133 2268 2183 esse

1280 2200 1619 2264 videbantur,
1647 2202 1787 2252 clam
1827 2203 2041 2254 extulit.
2117 2203 2269 2271 Quo-

1281 2287 1399 2323 rum
1443 2273 1670 2323 Paulum
1714 2274 1922 2324 Lucina
1961 2275 2016 2325 in
2060 2275 2269 2341 praedio

1280 2342 1373 2394 suo
1398 2344 1486 2395 via
1514 2343 1737 2396 Ostiensi
1766 2362 1874 2395 non
1902 2345 2064 2412 longe
2090 2363 2122 2396 a
2148 2346 2268 2397 loco

1279 2415 1370 2466 vbi
1413 2416 1588 2467 fuerat
1626 2416 1843 2476 occisu5‚
1882 2416 2102 2467 Petrum
2142 2435 2269 2468 vero

1282 2485 1566 2537 Cornelius
1605 2504 1714 2537 non
1754 2486 1916 2553 longe
1955 2505 1986 2538 a
2025 2488 2146 2538 loco
2176 2489 2267 2540 vbi

1280 2557 1454 2608 fuerat
1487 2558 1630 2608 cruci
1666 2558 1864 2608 affixus
1903 2559 2266 2626 reposuerunt.

1281 2630 1484 2680 Decius
1512 2637 1695 2680 autem
1724 2630 1945 2696 cognito
1967 2632 2113 2697 quod
2138 2632 2268 2683 Cor-

1280 2701 1452 2751 nelius
1494 2701 1696 2752 multos
1742 2702 1812 2751 ad
1858 2701 2022 2752 fidem
2075 2702 2268 2754 Christi

1280 2772 1952 2835 conuerterunt³,Centum
1968 2773 2131 2824 cellas
2142 2790 2266 2825 eum

1281 2844 1417 2894 misit
1444 2844 1498 2894 in
1526 2844 1767 2895 exilium.
1821 2844 1931 2894 Vbi
1961 2845 2268 2911 Cyprianus

1280 2914 1702 2981 carthaginensis
1753 2915 2035 2981 episcopus
2094 2916 2266 2983 ipsum

1279 3003 1376 3052 per
1420 2986 1601 3037 literas
1643 2986 1950 3036 consolatus
1989 2987 2077 3037 est.
2154 2987 2264 3039 Sed

1278 3058 1382 3108 hoc
1417 3055 1695 3108 intellecto
1732 3058 1934 3108 Decius
1970 3058 2265 3109 misfionem

1280 3136 1333 3180 et
1355 3129 1709 3179 remissionem
1730 3128 2005 3178 literarum
2029 3129 2267 3195 maligne

1280 3200 1667 3266 interpretatus
1738 3199 2051 3251 Cornelium
2115 3217 2268 3251 reuo-

1281 3272 1438 3332 cauit,
1458 3270 1603 3336 quasl
1627 3287 1776 3320 reum
1799 3270 1937 3320 laesae
1959 3271 2265 3322 maiestatis.

1283 3342 1575 3408 Ipsumque
1603 3341 1900 3407 plumbatis
1927 3342 2060 3402 cedi,
2087 3359 2150 3392 ac
2175 3343 2268 3393 de-

1281 3414 1406 3464 inde
1427 3413 1497 3463 ad
1527 3413 1721 3463 Martis
1739 3412 2115 3463 fimulachrum
2138 3415 2269 3465 ado-

1282 3484 1513 3536 randum
1541 3484 1666 3535 duci
1703 3484 1865 3535 iubet.
1942 3484 2107 3551 Quod
2142 3502 2267 3537 cum

1368 3660 1385 3687 3
1417 3666 1703 3704 conuerteret
1730 3674 1738 3703 ε
1765 3660 1818 3703 R.
1846 3660 1890 3702 P.
1916 3659 1970 3719 A.
