2606 4126
292 255 392 307 126

287 371 578 425 Clemente
629 372 1016 441 pontificatum
1063 373 1294 441 suscepit

288 444 506 497 inuitus,
573 445 683 514 Qui
711 463 837 497 cum
865 445 1014 508 nihil,
1038 446 1187 514 quod
1216 446 1286 497 ad

287 516 565 568 ecclefiam
618 518 706 569 dei
759 519 1072 586 augendam
1125 518 1291 584 perti-

290 606 421 640 nere
447 590 817 652 arbitraretur,
845 589 1290 657 praetermifisset:

288 662 486 713 creatis
539 661 621 730 (vt
679 669 1017 730 praeceperat
1073 661 1285 727 Petrus)

288 751 423 785 xxv.
495 734 844 801 presbyteriS,
911 752 975 785 ac
1068 734 1290 785 ecclefia

287 806 497 872 optime
518 806 825 868 constituta,
847 806 1172 857 Domitiano
1190 807 1289 857 im-

287 886 540 944 peratore
580 879 845 946 martyrio
887 886 1197 940 coronatur,
1234 886 1290 930 et

287 950 341 1000 in
404 951 681 1002 Vaticano
742 950 996 1018 sepelitur
1061 949 1145 1016 .vj.
1200 968 1289 1002 ca-

286 1021 477 1073 lendas
516 1023 667 1089 Maij,
697 1040 821 1074 cum
863 1023 1074 1075 sedisset
1112 1040 1288 1074 annos

283 1094 392 1161 ‚xij.
422 1094 661 1146 mensem
689 1095 736 1162 .j.
764 1095 880 1147 dies
907 1095 998 1163 ‚xj.

296 1243 741 1346 MArcellinus
793 1243 1048 1310 pontifex
1109 1243 1287 1326 patria

466 1316 754 1367 Romanus
807 1317 860 1366 in
913 1316 1287 1383 persecutione

284 1387 616 1440 Diocletiani
681 1396 736 1440 et
797 1389 1128 1439 Maximiani
1195 1388 1286 1439 sae-

209 1505 211 1507 .
283 1461 490 1511 uisfima
529 1461 692 1512 minis
733 1461 1052 1528 perterritus
1105 1460 1286 1511 fimul-

281 1532 446 1583 achra
472 1534 702 1588 deorum
731 1534 999 1592 adorauit,
1033 1532 1144 1585 Sed
1173 1550 1285 1584 non

284 1605 459 1656 multo
518 1605 637 1672 post
701 1622 904 1672 magna
955 1606 1286 1672 poenitentia

280 1675 493 1740 duetus,
520 1676 826 1729 smuessam¹
848 1678 963 1741 (vbi
991 1677 1285 1729 concilium

280 1750 489 1802 dxxx
569 1750 948 1817 episcoporum
1030 1747 1284 1802 coafitum

281 1822 436 1888 erat,)
454 1822 733 1890 squalidus
761 1830 816 1874 et
854 1823 1031 1875 cilicio
1059 1823 1284 1874 indutus

282 1895 563 1961 peruenit:
601 1912 769 1962 seque
796 1895 867 1946 ab
902 1896 979 1946 eis
1018 1895 1159 1962 petit
1186 1912 1285 1962 pro

281 1967 644 2019 inconstantia
679 1975 734 2019 et
773 1967 968 2019 scelere
1001 1967 1284 2018 commisso

281 2040 461 2106 poenis
491 2040 698 2091 meritis
726 2040 921 2107 puniri.
1002 2040 1282 2092 Caeterum

282 2111 314 2163 a
353 2113 574 2163 nemine
609 2113 907 2164 damnatus
944 2111 1033 2174 est,
1073 2109 1283 2163 cumffis

280 2184 715 2236 acclamantibus
758 2187 952 2236 eadem
994 2184 1163 2235 animi
1203 2185 1285 2235 in-

281 2256 541 2308 firmitate
583 2257 805 2309 Petrum
850 2257 1146 2324 deliquisse,
1188 2258 1282 2324 qui

279 2330 498 2380 veniam
520 2327 552 2380 a
573 2330 679 2381 deo
701 2329 960 2380 fimilibus
984 2329 1282 2396 lachrymis

192 2436 196 2441 ι
280 2401 456 2452 fuisset
488 2401 769 2453 assecutus,
847 2402 1006 2453 Tunc
1040 2403 1280 2453 Romam

280 2473 520 2525 reuersus
574 2473 983 2525 Diocletianum
1046 2475 1177 2537 adit,
1229 2483 1284 2525 et

280 2547 428 2613 quod
470 2546 520 2597 se
560 2545 913 2597 scelestissime
952 2548 1021 2597 ad
1062 2554 1281 2597 tantum

280 2618 432 2669 nefas
497 2617 791 2686 impulisset
855 2618 1115 2685 increpat,
1167 2619 1282 2669 eius

280 2691 552 2742 damnans
621 2691 980 2757 impietatem.
1066 2689 1283 2757 Quibus

280 2763 370 2813 ille
397 2764 579 2823 iratUS,
608 2762 761 2813 iubet
788 2762 964 2829 ipsum
1001 2780 1126 2814 cum
1161 2763 1282 2830 alijs

281 2834 475 2887 Christi
504 2834 756 2886 fidelibus
784 2834 1020 2886 abstrahi
1061 2836 1131 2886 ad
1161 2835 1282 2902 sup-

279 2907 502 2974 plicium
532 2907 613 2973 .vj.
643 2907 903 2958 calendas
926 2907 1077 2974 Maij.
1131 2907 1283 2975 Quo-

279 2997 399 3031 rum
446 2979 743 3031 occisorum
787 2996 1017 3046 corpora
1063 2980 1282 3047 ‚xxxvj.

279 3052 397 3103 dies
434 3052 567 3103 iussu
608 3052 847 3103 eiusdem
889 3052 1171 3103 iacuerunt
1204 3052 1283 3103 in-

278 3123 501 3190 sepulta,
539 3125 717 3175 donec
758 3123 1052 3175 Marcellus
1092 3125 1284 3175 admo-

278 3197 425 3247 nitus
461 3197 515 3247 in
558 3196 781 3263 somnijs
824 3195 855 3247 a
894 3197 1059 3248 beato
1101 3198 1278 3259 Petr0,

279 3270 473 3320 eadem
535 3269 785 3320 condidit
847 3269 899 3319 in
963 3270 1282 3320 coemeterio

279 3341 544 3397 Priscillae.
623 3340 781 3392 Sedit
816 3349 1003 3392 autem
1048 3341 1281 3392 Marcel-

276 3413 419 3463 linus
458 3430 632 3464 annos
683 3415 769 3464 .ix.
809 3414 1018 3464 menses
1059 3414 1122 3480 .ij.
1165 3415 1282 3465 dies

277 3502 400 3552 .XVJ.

360 3717 376 3745 1
409 3718 645 3762 smuelsam
673 3733 682 3763 ε
706 3721 759 3762 A.

1197 294 1210 307 ο
1230 276 1360 318 MAI
1360 277 1442 320 US.

1773 374 1982 429 Μαίας.

1450 491 1506 548 ΙΙ
1547 488 1758 556 Festum
1770 489 2089 555 sanderum
2114 489 2164 540 A
2162 488 2380 557 postolo-

1377 578 1501 612 rum
1564 560 1810 631 th'lz‘ppz'
1853 570 1905 613 et
1950 561 2134 613 Iacobi
2191 561 2383 629 duplex

1378 632 1570 684 maius.
1654 633 1858 686 Oratio,

1386 739 1624 842 DEuS,
1654 740 1748 807 qui
1776 757 1877 791 nos
1904 756 2087 791 annua
2108 738 2378 806 apostolo-

1553 829 1671 862 rum
1738 819 1955 863 tuorum
2020 811 2259 879 Philippi
2323 818 2379 864 et

1379 883 1567 934 Iacobi
1597 883 1923 935 solennitate
1950 883 2212 947 laetificaS,
2238 900 2378 951 prae-

1376 954 1455 1006 sta
1493 956 1818 1023 quaesumuS,
1857 963 1916 1008 vt
1967 971 2203 1023 quorum
2242 973 2378 1024 gau-

1375 1027 1571 1079 demus
1611 1029 1817 1079 meritis
1858 1047 1868 1079 z
1913 1028 2242 1080 instruamur
2279 1045 2378 1080 ex-

1375 1099 1571 1167 emplis
1602 1118 1613 1152 :
1645 1101 1745 1152 Per
1770 1108 1870 1153 etc.

1710 1222 1892 1274 Leaeio
1918 1220 2037 1290 ‚iz'j².

1383 1313 1668 1415 IAcobus
1687 1314 1987 1383 Apostolus
2006 1321 2377 1382 cognomento

1477 1386 1644 1438 iustus
1691 1387 1856 1440 frater
1899 1388 2110 1439 domini
2147 1394 2376 1439 vocatus

1374 1458 1568 1510 Mariae
1634 1459 1898 1527 Cleophae
1954 1460 2112 1521 filius,
2157 1457 2374 1511 sanetus

1374 1530 1476 1582 fuit
1519 1532 1589 1582 ab
1631 1533 1856 1584 ineunte
1898 1540 2080 1593 aetate,
2127 1528 2274 1583 viC'tu
2319 1539 2374 1582 et

1371 1603 1523 1655 cultu
1563 1604 1962 1671 frugalissimus,
2038 1603 2150 1671 Qui
2189 1603 2372 1655 statim

1371 1676 1490 1742 post
1552 1676 1749 1729 Christi
1801 1677 2165 1728 ascensionem
2221 1677 2374 1728 Iero-

1372 1747 1707 1816 solymorum
1745 1749 2032 1817 episcopus
2060 1750 2131 1800 ab
2159 1748 2374 1816 aposto-

1373 1820 1439 1871 lis
1504 1821 1845 1884 constitutuS,
1903 1838 2027 1873 eam
2091 1821 2372 1873 ecclefiam

1371 1894 1529 1944 annis
1556 1895 1782 1961 triginta
1809 1894 2021 1946 summa
2055 1910 2180 1945 cum
2209 1892 2373 1945 laude

1373 1967 1532 2018 rexit.
1595 1967 1848 2034 Rogatus
1876 1974 2062 2018 autem
2091 1983 2123 2017 a
2154 1965 2389 2028 Iudaeis,

1370 2046 1430 2089 vt
1457 2039 1512 2089 in
1549 2039 1638 2090 die
1674 2039 1902 2107 paschae,
1929 2055 2100 2106 quum
2133 2038 2372 2106 plurima

1371 2111 1535 2162 turba
1566 2113 1860 2163 conuenire
1896 2111 2120 2173 solebat,
2148 2128 2222 2162 ex
2250 2110 2373 2162 loco

1368 2182 1582 2235 sublimi
1612 2185 1681 2235 ad
1711 2184 1979 2252 populum
2017 2184 2370 2236 concionare-

1369 2264 1472 2317 tur,
1514 2264 1570 2308 et
1611 2254 1643 2307 a
1684 2256 1836 2308 cultu
1881 2256 2015 2317 Iesu,
2062 2272 2228 2323 quem
2274 2273 2372 2323 per

1370 2345 1607 2379 errorem
1649 2329 1809 2380 multi
1849 2329 2216 2396 sequerentur,
2251 2345 2370 2380 ora-

1369 2401 1520 2452 tione
1538 2409 1592 2452 et
1614 2399 1942 2453 au&oritate
1964 2401 1990 2451 s
1988 2419 2056 2452 ua
2076 2399 2371 2468 populares

1369 2481 1655 2533 auerteret,
1710 2474 1936 2541 pinnam
1997 2473 2190 2540 templi
2241 2490 2370 2524 con-

1369 2545 1590 2596 scendit.
1666 2547 1778 2598 Vbi
1816 2563 2021 2612 magna
2051 2546 2368 2597 Iudaeorum

1367 2618 1770 2685 gentiliumque
1845 2618 2058 2669 astante
2121 2617 2368 2670 multitu-

1369 2690 1510 2750 dine,
1539 2689 1571 2741 ὲ
1606 2689 1790 2741 scribis
1827 2698 1882 2741 et
1920 2690 2198 2757 pharisaeis
2234 2691 2367 2757 quid

1369 2761 1462 2828 ips1
1491 2762 1560 2813 de
1588 2762 1784 2813 christo
1804 2763 2080 2814 videretur
2100 2762 2213 2814 alta
2233 2779 2368 2814 voce

1369 2842 1595 2900 rogatus
1635 2834 1928 2901 respondit,
1971 2834 2120 2901 Quid
2159 2851 2249 2886 me
2289 2835 2369 2885 in-

1369 2907 1661 2973 terrogatis
1680 2908 1749 2958 de
1767 2906 1879 2957 filio
1897 2906 2167 2958 hominis?
2221 2907 2367 2959 Ecce

1369 2978 1481 3045 ipse
1508 2978 1658 3030 sedet
1685 2980 1739 3029 in
1768 2979 1912 3030 coelo
1933 2977 1966 3030 a
1987 2979 2206 3030 dextris
2228 2978 2368 3030 sum-

1371 3067 1477 3101 mae
1522 3051 1752 3103 virtutis,
1832 3052 1907 3102 Et
1946 3051 2063 3118 ipse
2102 3059 2367 3103 venturus

1370 3122 1445 3174 est
1497 3124 1551 3174 in
1604 3124 1840 3174 nubibus
1880 3123 2019 3176 coeli.
2097 3123 2224 3191 Quo
2264 3123 2366 3175 ser-

1372 3212 1536 3246 mone
1573 3196 1764 3247 audito
1801 3196 1986 3247 scribae
2025 3203 2079 3247 et
2118 3195 2367 3263 pharisaei

1369 3268 1732 3329 conclamant,
1782 3268 1939 3329 Proh,
1985 3267 2151 3319 iustus
2197 3269 2365 3320 etiam

1370 3342 1584 3391 errauit.
1717 3340 2224 3407 Ascenderuntque,
2311 3348 2402 3399 et,

1369 3411 1808 3479 praecipitarunt³
1834 3431 1976 3473 eum,
2010 3422 2063 3463 et
2091 3408 2385 3480 lapidibus¹
2406 3435 2421 3439 »-

1368 3486 1598 3535 obruere
1661 3493 1962 3551 coeperunt.
2075 3485 2176 3535 Ille
2238 3503 2368 3537 vero

1456 3717 1474 3745 2
1505 3718 1582 3762 die
1609 3731 1643 3762 1.
1670 3719 1722 3761 in
1745 3732 1802 3762 m.

1455 3777 1474 3805 3
1505 3776 1915 3834 praecipitauerunt
1943 3791 1951 3820 :
1978 3777 2026 3819 P.
2050 3777 2106 3820 A.
