2606 4126
337 243 434 294 188

330 352 711 407 misericordiae
764 355 851 406 Tu
903 372 1003 406 nos
1054 354 1126 405 ab
1176 352 1328 405 hoste

330 434 559 495 protege
588 447 599 479 ε
630 428 706 479 Et
730 427 865 478 hora
891 427 1084 478 mortis
1113 426 1327 492 suscipe.

405 498 593 552 Gloria
618 499 718 550 tibi
745 500 984 560 domine,
1015 498 1126 566 Qui
1163 505 1327 549 natus

332 589 391 623 es
453 572 524 623 de
580 571 805 637 virgine,
858 571 999 624 Cum
1051 578 1222 638 patre,
1274 576 1329 620 et

332 640 518 694 sanE'co
547 643 755 709 Spiritu
795 643 861 694 In
896 643 1227 711 sempiterna
1254 641 1328 693 se-

332 715 468 767 cula.
543 715 745 767 Amen.

494 830 722 898 Reliqno
757 830 895 882 anni
930 839 1167 898 tempore.

696 930 967 997 Hymnus,

501 1021 748 1075 Gloriosa
799 1022 1038 1084 domina,
1098 1020 1334 1086 Excelsa

487 1094 644 1161 super
670 1094 877 1160 sydera,
906 1094 1016 1160 Qui
1044 1101 1099 1145 te
1126 1094 1333 1144 creauit

334 1167 566 1234 prouide
599 1187 609 1218 :
635 1163 843 1217 laustasti
872 1166 1020 1217 sacro
1047 1166 1225 1217 vbere.

409 1238 575 1306 Quod
630 1239 753 1289 Eua
797 1238 959 1289 tristis
998 1237 1233 1299 abstulit,
1271 1244 1331 1288 tu

333 1312 518 1373 reddis
545 1311 693 1362 almo
719 1311 966 1377 germine
995 1330 1005 1362 z
1034 1311 1249 1361 Intrent
1273 1317 1333 1361 vt

334 1383 475 1435 astra
506 1382 729 1445 flebiles,
759 1382 901 1434 Coeli
930 1382 1162 1434 fenestra
1188 1379 1333 1433 facta

333 1473 404 1508 es,

406 1529 493 1579 Tu
535 1527 704 1594 Regis
739 1525 835 1578 alti
865 1527 1043 1585 ianua,
1072 1526 1147 1577 Et
1175 1534 1335 1593 porta

334 1600 468 1651 lucis
497 1600 707 1667 fulgida
748 1617 760 1651 :
798 1600 988 1650 Vitam
1018 1599 1207 1650 datam
1237 1616 1336 1665 per

334 1674 619 1739 virginem,
632 1672 840 1724 Gentes
861 1673 1162 1739 redemptae
1181 1671 1333 1738 plau·

334 1746 463 1796 dite.

408 1819 462 1869 M
474 1818 588 1869 aria
617 1824 794 1868 mater
815 1815 1046 1884 gratiae¹.
1080 1824 1140 1867 vt
1149 1816 1336 1883 snpra.

335 1936 391 1993 ΙΙ
433 1931 536 1983 Ad
576 1929 793 1982 tertiam
833 1930 1103 1981 lec‘tionem
1128 1929 1343 1996 semper

571 2003 777 2054 dicitnr
799 2002 1094 2054 benedittia

412 2100 515 2152 Per
557 2099 829 2167 virginem
871 2106 1103 2149 matrem
1144 2116 1337 2150 conce-

337 2174 435 2225 dat
475 2172 635 2225 nobis
687 2172 947 2222 dominus
999 2170 1243 2232 salutem,
1283 2178 1337 2222 et

338 2262 548 2313 pacem.
623 2244 694 2294 R.
725 2242 927 2294 Amen.

340 2364 394 2420 (I
439 2359 540 2427 Est
557 2359 720 2410 etiam
755 2355 1169 2408 aduertendum²
1201 2357 1348 2424 qnod

413 2431 585 2483 tertioe
622 2431 862 2482 lectiones
899 2430 958 2481 in
982 2429 1230 2495 sabbatis
1265 2447 1340 2480 oc—

411 2512 678 2556 currentes
692 2503 965 2569 asstgnatae
974 2502 1028 2553 in
1036 2502 1255 2553 calenda
1262 2502 1341 2553 rio

311 2597 316 2602 ·
412 2594 476 2628 ex
491 2576 725 2643 epistolis,
743 2575 830 2626 vel
842 2574 978 2625 anis
997 2574 1340 2642 apostoloram

413 2645 770 2700 omittantnr³
839 2646 1065 2708 omnine,
1128 2647 1342 2713 quande

411 2721 604 2788 agitur
650 2720 713 2771 de
762 2718 912 2771 beata
963 2718 1178 2786 virgine
1227 2737 1246 2769 .·
1294 2727 1347 2769 et

416 2794 518 2844 laco
554 2809 739 2844 earnm
774 2791 992 2859 legenda
1027 2791 1100 2859 est
1134 2808 1242 2842 vna
1282 2809 1346 2841 ex

415 2864 779 2933 infrascriptis
813 2863 1108 2929 secundnm
1169 2864 1341 2914 varie-

418 2946 580 2990 tatem
610 2945 921 3003 temporam.

346 3034 401 3090 11
421 3030 491 3081 In
511 3030 748 3081 aduentu
766 3027 914 3079 lenio
931 3027 1089 3079 tertia
1105 3045 1170 3079 ex
1181 3028 1346 3095 capite

629 3101 815 3168 primo
840 3098 1039 3152 Luca&

357 3195 630 3318 MIgus
666 3195 741 3277 est
780 3194 1009 3276 angelus
1051 3194 1273 3276 Gabriel
1313 3193 1345 3246 a

568 3285 633 3319 eo
669 3285 723 3318 in
759 3275 1041 3318 Ciuitatem
1084 3267 1345 3329 Galllaeae,

347 3341 433 3392 cui
473 3357 675 3391 nornen
714 3338 1216 3390 Nazareth...Ecce
1247 3357 1344 3390 an·

347 3413 470 3464 cilla
499 3412 725 3473 domini,
754 3411 850 3463 fiat
886 3411 1018 3461 mihi
1048 3411 1343 3462 secundum

345 3485 570 3537 verbum
598 3492 772 3535 tuum.

435 3598 450 3625 1
482 3606 568 3642 etc.
593 3613 602 3641 :
625 3599 728 3642 add.
755 3599 809 3643 R.
835 3599 882 3641 P.
907 3598 961 3641 A.

433 3656 450 3684 2
483 3656 853 3699 aduertandum:
883 3657 931 3699 P.

435 3715 452 3743 3
484 3717 785 3759 omittuntur:
813 3717 864 3758 R.
892 3716 939 3758 P.
959 3716 1014 3758 A.

435 3774 452 3801 4
482 3773 527 3831 [i.
554 3772 760 3830 26-38.]

777 259 1083 300 OFFICIVM
1113 258 1239 299 BEA
1252 257 1352 297 TAE
1389 258 1623 298 MARJAE
1668 261 1955 301 VIRGINJS.
2497 294 2526 312 ᾗ,
2598 310 2601 321 Ι

1412 356 1468 413 (I
1497 353 1630 422 Post
1640 355 1934 407 aduentum
1954 355 2110 423 vsque
2128 355 2207 406 ad
2214 353 2414 423 pascha
2564 357 2572 366 '

1484 426 1632 478 lenio
1669 428 1830 479 tertia
1866 446 1932 480 ex
1956 429 2205 495 sermone
2229 425 2419 493 santii·
2500 403 2532 483 ’;Ῐ

1482 499 1795 567 Augustini.
2508 513 2519 523 ²

1423 590 1771 697 Equamur
1825 591 2033 660 aliquid
2089 592 2282 643 fratres
2333 586 2416 655 in„⁸5

1564 664 1820 716 laudibus
1886 665 2247 716 sacratissimae
2308 662 2414 714 vir·
2601 718 2605 733 ,

1414 735 1557 802 ginis
1585 736 1793 788 Mariae.
1871 736 1982 789 Sed
2011 738 2141 804 quid
2170 753 2271 787 nos
2296 742 2418 787 tan·
2502 750 2505 751 ’
2603 772 2605 781 ,η

1415 807 1533 870 tilli,
1562 809 1692 875 quid
1731 806 1947 860 aetione
1974 808 2162 876 pusllli,
2191 807 2325 876 quid
2359 807 2417 858 in
2500 830 2523 858 .·
2604 811 2606 834 ¹

1417 881 1533 931 eius
1572 880 1827 932 laudibus
1863 880 2196 933 referemus?
2273 879 2416 932 Cum
2508 903 2519 929 .’

1417 959 1472 1003 et
1514 952 1549 1002 fi
1589 954 1838 1004 omnium
1884 953 2127 1005 nostrum
2170 952 2420 1003 membra
2508 947 2536 1019 ³.)

1417 1031 1758 1077 verterentur
1777 1026 1832 1076 in
1860 1026 2091 1093 linguaS,
2111 1041 2234 1076 eam
2260 1023 2420 1075 laud·

1416 1114 1509 1147 are
1530 1096 1795 1149 sufficeret
1815 1098 2026 1149 nullus?
2074 1097 2261 1148 Altior
2275 1094 2420 1148 coelo

1416 1168 1492 1220 est
1527 1169 1597 1220 de
1624 1187 1734 1236 qua
1765 1170 2055 1237 loquimur,
2081 1168 2269 1236 abysso
2295 1185 2421 1236 pro-
2514 1167 2555 1228 -s‘

1417 1241 1650 1302 fundior‚
1688 1243 1775 1293 cui
1811 1242 2004 1294 laudes
2039 1243 2220 1293 dicere
2255 1257 2428 1295 cona:
2520 1262 2563 1314 ξπ

1635 1314 1776 1366 Haec
1822 1314 1898 1366 est
1943 1314 2089 1366 enim
2139 1331 2264 1380 quae
2310 1312 2422 1364 sola
2457 1365 2474 1374 Ὦ
2512 1309 2569 1383 ⁵9:

1420 1387 1619 1437 meruit
1660 1396 1841 1438 mater
1885 1395 1940 1438 et
1988 1386 2181 1454 sponsa
2224 1385 2420 1438 vocari.
2596 1435 2598 1437 ,

1425 1459 1567 1509 Haec
1611 1459 1805 1525 primae
1853 1459 2043 1510 matris
2087 1459 2294 1510 damna
2342 1474 2422 1509 re·
2602 1471 2603 1474 ’

1420 1331 1553 1365 mUl‘.

1421 1530 1597 1581 soluit.
1700 1531 1840 1583 Haec
1920 1531 2130 1582 homini
2205 1530 2423 1598 perdito

1422 1604 1862 1670 redemptionem
1911 1603 2162 1655 adduxit.
2241 1603 2426 1654 Mater
2516 1601 2566 1670 ’ἶ-ζξ

1422 1676 1568 1726 enim
1609 1677 1824 1742 generis
1864 1676 2025 1727 nostri
2071 1691 2297 1742 poenam
2342 1675 2424 1726 in·

1423 1747 1550 1799 tulit
1618 1749 1842 1809 mundO,
1905 1749 2148 1816 genitrix
2211 1747 2423 1800 domini

1424 1820 1587 1871 nostri
1660 1820 1888 1872 salutem
1957 1820 2135 1872 edidit
2200 1820 2431 1872 mundom
2494 1856 2549 1882 ,-

1428 1891 1667 1944 Auctrix
1731 1894 1944 1960 peccati
2008 1893 2146 1954 Eua,
2207 1889 2424 1944 auctrix

1427 1965 1605 2016 meriti
1670 1966 1863 2017 Maria.
1941 1965 2063 2017 Eua
2122 1964 2426 2016 occidendo

1425 2038 1616 2100 obfuit,
1641 2039 1820 2090 Maria
1845 2038 2178 2090 viuificando
2205 2036 2424 2105 profuit.
2447 2042 2450 2046 ·
2504 1999 2569 2083 sss

1429 2110 1530 2161 Illa
1566 2112 1828 2177 percuffit,
1859 2110 1957 2162 ista
1982 2110 2206 2162 sanauit.
2285 2110 2435 2161 Haec,

1423 2183 1571 2234 enirn
1624 2183 1875 2244 mirabili,
1918 2190 2087 2250 atque
2138 2181 2426 2234 inaestima·

1425 2255 1520 2306 bili
1585 2256 1754 2307 modo
1814 2256 2062 2307 omnium
2127 2271 2307 2306 rerum
2367 2262 2427 2314 et
2484 2242 2599 2327 s„

2283 2326 2426 2395 Quae
2541 2333 2568 2374 -ῖτ

1428 2328 1580 2378 suum
1617 2328 1830 2395 peperit
1866 2327 2206 2379 saluatorem.

1427 2401 1546 2451 haec
1580 2401 1736 2467 virgo
1771 2408 1887 2452 tam
1925 2397 2122 2461 san&a‚
2152 2398 2222 2450 ad
2258 2416 2425 2466 quam

1427 2471 1637 2523 venire⁶
1663 2473 1982 2540 dignaretur
2015 2471 2252 2539 Spiritus
2280 2471 2426 2523 sanc-

1427 2546 1555 2596 tus?
1629 2545 1769 2611 Quae
1796 2554 1912 2596 tam
1941 2544 2191 2612 speciosa,
2217 2552 2276 2596 vt
2303 2561 2426 2596 eam

1429 2619 1564 2668 deus
1583 2618 1675 2668 fibi
1694 2617 1919 2685 eligeret
1936 2617 2184 2684 sponsam
2211 2617 2231 2667 ?
2286 2615 2427 2683 Quae

1429 2697 1544 2741 tam
1596 2690 1755 2752 casta,
1802 2698 1861 2741 vt
1906 2689 2011 2741 esse
2056 2689 2229 2756 posset
2274 2691 2428 2756 virgo

1427 2761 1547 2829 post
1578 2762 1838 2830 partum?
1906 2762 2046 2813 Haec
2073 2761 2148 2813 est
2174 2762 2262 2812 dei
2291 2770 2429 2813 tem-

1427 2834 1598 2901 plum,
1625 2834 1747 2886 fons
1783 2834 1874 2885 ille
1900 2834 2154 2901 signatuS,
2181 2842 2237 2886 et
2270 2842 2430 2901 porta

1429 2908 1483 2957 in
1530 2907 1698 2957 domo
1741 2907 1828 2957 dei
1874 2906 2068 2959 clausa.
2143 2905 2238 2957 Ad
2286 2906 2428 2970 hanc

1429 2996 1672 3045 namque
1742 2978 1979 3046 Spiritus
2050 2976 2266 3030 sanctus
2334 2979 2428 3029 de-

1430 3051 1651 3112 scendit,
1726 3051 1869 3102 hanc
1944 3051 2116 3102 virtus
2196 3051 2430 3102 altissimi

1427 3120 1797 3175 'obumbrauit
1878 3123 2018 3174 Haec
2053 3123 2128 3174 est
2166 3123 2429 3174 immacu-

1431 3195 1545 3246 lata
1580 3197 1742 3258 coitu,
1774 3195 2036 3247 foecunda
2071 3203 2246 3262 partu,
2275 3196 2430 3261 virgo

1431 3266 1657 3331 la&anS‚
1694 3268 2016 3334 angelorum
2053 3276 2109 3318 et
2143 3267 2430 3318 hominum

1431 3341 1615 3391 cibum
1645 3341 1902 3391 nutriens,
1964 3339 2165 3390 Merito
2193 3356 2432 3406 namque

1431 3413 1595 3464 beata
1622 3412 1875 3478 singulari
1903 3410 1935 3463 a
1964 3413 2122 3462 nobis
2155 3411 2431 3478 praeconio

1432 3483 1756 3546 extollitur⁷‚
1801 3502 1927 3552 quae
1974 3484 2239 3550 fingulare
2284 3499 2432 3534 com-

1520 3596 1539 3624 5
1569 3598 1627 3642 de
1652 3613 1661 3641 ε
1687 3598 1733 3641 Ρ.

1518 3656 1536 3682 6
1566 3657 1711 3699 veniri
1738 3671 1746 3700 :
1769 3657 1823 3699 A.

1520 3714 1535 3741 ⁷
1567 3717 1819 3760 excolitur:
1846 3717 1892 3758 P.
1910 3715 1964 3758 A.
