2606 4126
1074 275 1469 316 SEPTEMBER.

255 370 476 422 incensis
494 370 699 422 facibus
716 369 870 421 aduri
892 369 1041 421 iussit.
1069 367 1234 434 Quod

254 459 377 492 cum
448 441 612 492 alacri
683 441 866 492 animo
936 439 1029 490 illa
1099 439 1235 490 tole-

254 512 423 574 rasset,
499 512 723 563 fustibus
797 511 890 562 diu
964 510 1113 568 caesa,
1180 516 1235 560 et

252 589 403 633 trans
438 600 621 633 arcum
660 582 896 651 Faustini
932 579 1110 641 duffiia,
1138 580 1236 630 ibi-

252 653 378 704 dem
422 650 692 704 decollata
736 653 823 712 est,
867 652 1000 702 Eius
1050 661 1234 702 autem

252 740 447 790 corpus
487 725 649 777 beata
694 723 899 775 Sabina
941 724 994 772 in
1039 723 1234 772 eodem

252 794 373 845 loco
409 794 673 862 Sepeliuit
703 794 864 846 tertio
899 810 1072 843 nonas
1100 793 1236 859 Sep-

249 865 488 916 tembriS.

250 1007 254 1012 ·
320 1001 375 1057 {1
427 995 493 1045 N
488 995 715 1046 alz'uz‘tas
761 995 839 1045 M
834 995 949 1045 arie
1001 994 1238 1061 virginis

247 1067 437 1131 duplex
474 1066 653 1117 mains
679 1067 752 1117 ‘et
789 1066 944 1117 lzabet
977 1067 1234 1117 oc‘Zanam.

246 1137 348 1188 Ad
369 1137 613 1204 vesperas,
664 1138 932 1202 Hymnus.

318 1229 444 1280 Aue
472 1229 635 1280 maris
663 1227 854 1280 stella¹.

645 1354 846 1407 Orata).

253 1445 567 1548 FAmulis
617 1447 723 1499 tuis
780 1446 1087 1514 quaesumus
1138 1448 1235 1498 do-

382 1535 527 1568 mme
565 1518 770 1569 celestis
808 1519 997 1584 gratiae
1037 1536 1234 1569 munus

247 1588 550 1670 impertire²
583 1597 676 1641 :vt
703 1590 899 1656 quibus
926 1590 1103 1640 beatae
1130 1592 1234 1640 vir-

246 1661 387 1726 ginis
438 1668 624 1726 partus
675 1662 861 1711 extitit
906 1661 1087 1711 salutis
1138 1679 1234 1711 ex-

246 1732 458 1781 ordium
493 1752 503 1783 :
538 1731 870 1782 natiuitatis³
904 1733 1017 1782 eius
1048 1734 1235 1783 votiua

246 1802 540 1853 solennitas
590 1804 739 1870 pacis
800 1803 1004 1854 tribuat
1067 1804 1235 1854 incre-

246 1881 507 1925 mentum.
583 1875 696 1925 Per.
998 1896 1001 1899 ·

315 1996 419 2047 Ad
433 1996 778 2048 772atutz‘7mm.
807 1994 1222 2047 z'7zecz’tat0rz‘2mz4.

320 2090 686 2140 Natiuitatem
703 2089 930 2155 virginis
952 2089 1135 2139 mariae
1154 2105 1238 2139 ce-

246 2161 534 2223 lebremuS,
576 2161 847 2212 Christum
900 2160 1014 2211 eius
1066 2160 1234 2210 filium

246 2233 538 2283 adoremus
565 2232 863 2283 dominum.

599 2344 868 2410 Hymnus,

317 2436 366 2490 O
394 2436 637 2504 gloriosa.

553 2564 732 2615 Lefft'io
758 2564 931 2615 tertia.

255 2655 525 2758 MAria
584 2656 738 2722 virgo
802 2655 996 2707 Christi
1062 2663 1236 2706 mater

422 2736 635 2794 patrem
674 2727 865 2778 habuit
909 2726 1232 2778 Ioachinum

242 2798 418 2849 ciuem
471 2799 747 2849 Nazareth
785 2798 930 2849 vrbis
973 2797 1233 2859 Galilaeae,

243 2877 298 2920 et
341 2877 573 2920 matrem
625 2870 852 2921 Annam
903 2886 975 2920 ex
1026 2870 1233 2935 oppido

242 2940 579 3002 Bethlehem,
599 2942 789 2992 ambos
810 2958 882 2991 ex
905 2941 1047 2991 tribu
1078 2941 1231 2991 Iudae

243 3029 316 3062 ex
362 3029 512 3063 more
561 3014 888 3073 Iudaeorum,
926 3012 1121 3078 quibus
1161 3030 1232 3062 ex

244 3083 334 3134 sua
362 3084 555 3150 cuique
583 3084 752 3134 Tribu
780 3100 1007 3134 vxorem
1037 3084 1232 3134 ducere

243 3153 549 3221 legitimum
614 3163 729 3205 erat
785 3162 839 3205 et
901 3154 1230 3205 consuetum.

246 3225 536 3279 Ioachinus
602 3225 776 3291 Igitur
830 3233 884 3275 et
934 3225 1103 3275 Anna
1153 3225 1231 3275 as-

244 3297 392 3347 fidua
418 3303 473 3347 et
504 3297 736 3347 mirabili
773 3296 1033 3362 religione
1065 3296 1229 3347 deum

243 3367 500 3428 colentes,
550 3369 889 3434 ‘tripartitam
952 3367 1231 3418 habebant

244 3438 735 3489 suorumbonorum
747 3439 1027 3489 rationem.
1048 3439 1229 3489 Vnam

243 3510 387 3560 enim
406 3517 615 3576 partem
639 3511 983 3577 pauperibuS,
1001 3510 1228 3560 alteram

330 3619 346 3646 ¹
365 3620 487 3677 folio
508 3621 672 3663 vltimo
701 3636 708 3663 :
732 3621 835 3664 add.
861 3621 911 3663 A.

330 3677 347 3704 ²
379 3679 613 3734 impartire
646 3694 653 3721 :
679 3680 725 3720 P.
746 3679 798 3721 Α.

333 3736 349 3763 ³
380 3736 599 3780 natiuitas
630 3738 715 3779 :A.

2213 273 2306 326 153

1320 367 1528 434 templo
1555 368 1773 433 eiusque
1808 368 2059 419 ministris
2091 371 2306 421 dicaue-

1319 447 1455 489 rant.
1483 440 1644 489 tertia
1671 439 1721 488 se
1749 439 2005 505 suamque
2042 441 2304 491 familiam

1320 509 1556 560 alebant.
1632 509 1742 560 Sed
1770 510 1823 559 in
1852 510 2061 569 iustitia,
2090 528 2223 576 pace
2250 520 2306 562 et

1320 581 1522 646 gaudio
1561 580 1978 646 perseueranteS‚
2012 599 2147 632 vnus
2186 590 2306 632 tan-

1320 659 1438 701 tum
1494 651 1651 702 dolor
1707 650 2003 702 'sterilitatis
2053 653 2306 718 angebat,

1321 721 1471 787 nulla
1519 721 1672 787 prole
1713 721 1830 788 post
1874 739 2078 773 annum
2121 725 2305 774 matri-

1321 793 1487 858 monij
1508 793 1822 859 vigesrmum
1842 802 2137 858 procreata,
2158 796 2304 860 quod

1321 870 1479 929 turpe
1514 871 1568 914 et
1606 862 1845 914 infamiae
1886 864 2005 914 loco
2045 865 2185 915 inter
2228 866 2306 916 iu-

1320 935 1469 985 daeos
1531 935 1847 986 habebatur.
1926 935 2120 1001 Itaque
2184 937 2305 986 Ioa-

1321 1006 1511 1056 chinus
1539 1023 1661 1056 cum
1700 1005 1752 1055 in
1790 1006 1922 1056 festo
1957 1007 2304 1058 enceniorum

1323 1076 1712 1142 lerosolymam
1735 1078 1999 1127 adorandi
2021 1079 2196 1144 gratia
2215 1096 2305 1129 ve-

1320 1148 1487 1208 nisset,
1503 1148 1776 1214 velletque
1798 1148 2025 1215 supplex
2044 1150 2112 1199 ad
2135 1150 2305 1200 altare

1319 1220 1407 1270 dei
1460 1236 1656 1269 munus
1697 1219 1902 1280 offerre,
1946 1220 2184 1285 repulsus
2231 1221 2306 1272 est

1319 1291 1389 1340 ab
1419 1291 1664 1341 Isachare
1691 1290 1966 1341 sacerdote
1993 1308 2115 1341 cum
2153 1292 2305 1358 igno-

1319 1362 1500 1422 minia,
1553 1362 1698 1427 quafi
1750 1362 2014 1428 indignus·
2055 1363 2195 1424 esset,
2234 1364 2306 1414 ob

1318 1432 1539 1499 longam
1602 1433 1949 1494 sterilitatem,
2001 1434 2093 1499 qui
2156 1451 2307 1485 more

1318 1512 1534 1570 patrum
1585 1512 1640 1555 et
1701 1504 2079 1555 foecundorum
2130 1505 2307 1555 homi-

1319 1592 1450 1625 num
1501 1575 1572 1625 ad
1623 1593 1748 1625 eum
1790 1576 1968 1626 Iocum
2010 1578 2305 1628 accederet.

1321 1646 1447 1712 Qua
1496 1647 1706 1712 repulsa
1766 1647 2122 1698 moestissimus
2184 1648 2305 1698 Ioa-

1319 1719 1524 1779 chinus,
1566 1735 1664 1768 nec
1703 1718 1878 1768 ferens
1928 1736 2039 1784 prae
2079 1719 2302 1785 pudore,

1320 1788 1533 1839 suorum
1579 1789 1779 1840 ciuium
1831 1787 2193 1856 conspe&um,
2234 1789 2304 1840 ad

1321 1860 1505 1910 caulas
1527 1860 1736 1911 secesfit.
1815 1861 1915 1912 Cui
1951 1861 2068 1927 post
2095 1862 2304 1927 aliquot

1321 1932 1435 1981 dies
1457 1949 1579 1981 cum
1607 1932 1908 1998 pastoribus
1929 1934 2304 1991 commoranti,

1321 2011 1375 2053 et
1416 2003 1664 2069 precibus
1715 2003 1927 2053 asfiduis
1964 2021 1997 2053 a
2032 2003 2140 2054 deo
2179 2020 2305 2054 con-

1320 2075 1584 2135 tendenti,
1642 2082 1699 2125 vt
1761 2092 1883 2124 eam
1946 2092 1977 2124 a
2040 2075 2091 2125 se
2153 2074 2305 2141 igno-

1323 2146 1547 2196 miniam
1611 2145 1907 2213 depelleret
1970 2146 2195 2212 angelus
2256 2146 2306 2196 se

1322 2217 1569 2279 ostendit,
1608 2225 1662 2267 et
1707 2218 1854 2267 bono
1900 2218 2085 2268 animo
2131 2217 2303 2283 ipsum

1322 2288 1426 2338 esse
1464 2288 1670 2350 iubens,
1710 2306 1894 2354 preces
1939 2289 2053 2338 eius
2092 2289 2343 2354 auditas,

1322 2360 1424 2410 esse
1452 2377 1483 2410 a
1518 2360 1623 2410 deo
1651 2360 2003 2420 renunciauit,
2030 2359 2307 2426 filiamque

1321 2431 1730 2496 procreandam,
1756 2447 1879 2496 quae
1918 2431 2084 2492 Sarae,
2113 2438 2167 2482 et
2197 2433 2308 2482 Ra-

1273 2549 1277 2552 ,
1320 2502 1486 2552 chelis
1514 2501 1722 2567 prolem
1760 2502 1995 2567 mysterij
2034 2504 2308 2568 magnitu-

1320 2574 1446 2624 dine
1474 2573 1758 2639 superaret.
1829 2573 1953 2639 Qua
1981 2574 2070 2639 spe
2097 2573 2308 2624 ereffitus

1319 2644 1579 2711 laetusque
1627 2645 1918 2695 Ioachinus
1963 2645 2189 2695 domum
2229 2663 2309 2696 re-

1319 2724 1525 2782 petens,
1551 2717 1708 2766 vxori
1736 2716 1996 2776 obuiauit,
2023 2734 2146 2782 quae
2181 2735 2306 2767 cum

1320 2788 1367 2838 ei
1419 2805 1637 2854 quoque
1688 2788 2015 2854 apparuisset
2064 2788 2306 2854 angelus

1319 2860 1624 2924 eademque
1666 2859 1976 2921 nunciasset,
2015 2858 2178 2925 plena
2218 2859 2307 2924 spe

1320 2938 1375 2981 et
1424 2931 1626 2996 gaudio
1668 2931 1737 2980 ad
1781 2930 1976 2980 marito
2016 2938 2306 2996 congratu-

1319 3002 1543 3052 landum
1614 3001 1956 3067 properabat.
2050 3001 2306 3052 Salutant

1319 3073 1482 3139 igitur
1508 3074 1648 3123 inter
1684 3072 1734 3124 se
1767 3089 1890 3122 cum
1928 3073 2175 3122 maxima
2215 3072 2306 3122 lze-

1317 3145 1452 3205 titia,
1498 3151 1552 3194 et
1592 3143 1715 3202 visa,
1759 3144 1955 3208 deique
1992 3143 2304 3208 promissum

1318 3215 1673 3275 conferentes
1694 3215 1919 3264 domum
1948 3222 2305 3266 reuertuntur.

1320 3287 1588 3351 Concepit
1615 3286 1780 3352 igitur
1795 3285 1962 3335 Anna
1983 3285 2169 3335 diuino
2192 3304 2307 3335 mu-

1319 3375 1458 3419 nere,
1498 3357 1759 3423 sextoque
1801 3357 1922 3407 idus
1965 3356 2304 3422 Septembris

1320 3431 1555 3481 Mariam
1619 3428 1845 3494 peperit,
1897 3445 2019 3493 quae
2075 3435 2134 3478 vt
2186 3429 2308 3479 Eua

1320 3501 1574 3551 maritum
1604 3499 1673 3549 ad
1707 3497 2021 3565 peccatum5
2048 3498 2306 3560 allicienS,

1407 3614 1423 3641 4
1455 3614 1529 3657 die
1551 3614 1575 3656 8
1598 3614 1648 3655 2⁶72
1670 3627 1726 3655 m.

1408 3673 1423 3699 5
1455 3672 1743 3729 peccandum
1774 3685 1781 3713 :
1807 3671 1852 3713 P.
1878 3671 1931 3713 A.
