2606 4126
338 267 437 319 142

330 371 510 424 Maria
541 371 879 439 Magdalena
907 371 960 423 in
982 370 1173 440 primis
1196 369 1334 422 cele-

329 442 533 506 bratur,
558 445 629 496 de
655 462 765 512 qua
791 452 979 496 tamen
1017 461 1128 495 non
1163 460 1336 510 parua

329 515 405 568 est
444 513 872 568 do&isfimorum
906 523 962 567 et
999 516 1335 583 grauissimo-

328 604 449 639 rum
495 589 736 640 virorum
779 587 1158 649 controuersia,
1198 586 1335 654 Qui-

328 660 557 712 busdam
621 677 707 712 res
759 660 971 727 aliquas
1023 659 1214 727 gestaS,
1265 660 1336 710 de

329 732 529 798 quibus
557 732 632 784 est
659 733 714 784 in
742 731 1047 799 euangeliO,
1069 732 1140 783 ad
1166 748 1333 783 vnam

330 804 615 856 mulierem
704 804 1081 868 referentibuS‚
1169 802 1334 868 Alijs,

328 893 562 942 quorum
614 876 690 928 est
742 876 1080 944 probabilior
1129 875 1333 942 opiniO,

328 949 398 999 ad
427 955 555 1011 treS,
582 948 660 1000 Vt
687 965 796 1000 vna
831 948 892 999 fit
930 948 1110 999 Maria
1139 947 1334 998 Lazari

330 1028 386 1071 et
415 1020 653 1072 Marthae
680 1021 839 1083 soror,
856 1037 981 1088 quae
1007 1020 1178 1072 biduo
1205 1027 1336 1070 ante

331 1092 529 1144 Christi
587 1094 883 1161 passionem
940 1092 995 1142 in
1051 1092 1222 1143 domo
1273 1091 1336 1141 si-

329 1165 508 1216 monis
553 1165 746 1233 leprofi
791 1164 1122 1216 alabastrum
1161 1180 1335 1230 vngu-

328 1237 441 1288 enti
469 1237 710 1304 praeciofi
748 1237 942 1288 effudit
975 1236 1133 1303 super
1166 1242 1336 1302 caput

329 1309 525 1361 Christi
552 1310 936 1370 recumbentiS‚
964 1316 1020 1360 et
1047 1324 1172 1375 quae
1199 1309 1334 1358 dum

328 1381 553 1433 Martha
599 1381 825 1433 sollicite
872 1397 1091 1432 coenam
1136 1379 1334 1446 hospiti

327 1453 420 1504 suo
483 1453 863 1521 discipulisque
925 1458 1160 1520 pararet,
1220 1451 1335 1518 ipsa

327 1525 601 1578 Christum
653 1526 868 1577 intento
916 1526 1102 1576 animo
1142 1524 1334 1575 sedens

326 1599 397 1649 ad
430 1599 599 1666 pedes
633 1599 748 1649 eius
787 1597 1062 1659 audiebat,
1098 1596 1332 1663 figuram

325 1687 521 1737 gerens
538 1671 666 1722 vitae
687 1668 1199 1737 contemplantium.
1228 1667 1332 1718 Al-

323 1751 442 1794 tera
492 1744 563 1795 de
619 1760 730 1810 qua
782 1743 962 1794 Lucas
1013 1741 1082 1792 fic
1133 1740 1331 1792 scribit.

327 1816 473 1867 Ecce
512 1815 722 1877 mulier,
763 1832 888 1882 quae
938 1821 1055 1866 erat
1100 1813 1154 1864 in
1201 1813 1331 1864 ciui-

325 1895 443 1939 tate
470 1889 769 1956 peccatrix,
795 1895 855 1938 vt
887 1887 1152 1953 cognouit
1178 1885 1329 1952 quod

328 1960 477 2011 Iesus
507 1960 764 2011 accubuit
801 1960 855 2010 in
883 1960 1053 2010 domo
1080 1957 1330 2026 pharisaei

324 2032 510 2085 attulit
561 2032 891 2083 alabastrum
942 2030 1210 2098 vnguenti
1275 2037 1330 2082 et

324 2105 470 2157 stans
510 2113 654 2157 retro
690 2104 839 2156 secus
878 2104 1050 2172 pedes
1091 2104 1221 2162 eiu5,
1252 2102 1329 2153 la-

324 2178 568 2245 chrymis
595 2179 765 2246 coepit
793 2178 970 2244 rigare
996 2176 1166 2244 pedes
1198 2176 1329 2237 eiuS,

326 2258 380 2302 et
419 2250 631 2318 capillis
682 2250 877 2317 capitis
930 2249 1005 2299 sui
1059 2248 1328 2316 tergebat,

325 2331 381 2375 et
444 2322 791 2374 osculabatur
853 2322 1023 2389 pedes
1087 2321 1217 2383 eiuS,
1272 2327 1328 2372 et

324 2402 608 2462 vnguento
670 2394 927 2462 vngebat.
1003 2393 1194 2445 Tertia
1257 2393 1327 2443 de

325 2485 436 2534 qua
494 2485 723 2518 marcus,
803 2466 1047 2532 Surgens
1103 2465 1325 2533 (inquit)

326 2540 475 2591 Iesus
504 2557 666 2591 mane
702 2539 880 2607 prima
907 2538 1118 2589 sabbati
1158 2554 1329 2604 appa-

325 2613 433 2664 ruit
484 2613 663 2680 primo
728 2611 922 2663 Mariae
975 2610 1329 2677 Magdalenae

325 2686 396 2736 de
417 2702 527 2752 qua
553 2684 787 2736 eiecerat
807 2683 1013 2750 septem
1035 2683 1327 2744 daemonia,

324 2756 417 2808 illa
442 2757 652 2808 vadens
679 2755 963 2807 nunciauit
983 2754 1065 2821 ijs,
1084 2755 1178 2821 qui
1202 2771 1327 2805 cum

325 2846 392 2881 eo
430 2828 663 2892 fuerant,
701 2828 1017 2896 lugentibus
1056 2835 1112 2879 et
1150 2826 1331 2877 flenti-

325 2902 443 2953 bus,
526 2901 767 2953 Addunt
830 2907 1097 2967 praeterea
1159 2898 1329 2965 ijdem

326 2971 577 3025 au&ores
633 2990 837 3025 nomen
889 2971 1207 3040 peccatricis
1257 2971 1329 3022 ab

326 3046 661 3114 euangelista
728 3045 881 3097 fuisse
943 3062 1016 3096 ex
1067 3042 1331 3095 industria

326 3118 758 3187 praetermissum,
785 3117 1118 3184 reliquarum
1145 3124 1330 3168 Vtran-

326 3209 435 3258 que
468 3191 704 3242 Mariam
746 3189 1143 3256 Magdalenam
1179 3188 1331 3240 fuisse

326 3271 721 3331 nuncupatam,
747 3262 977 3313 alteram
1012 3261 1065 3311 in
1097 3260 1331 3313 Galilaea

329 3343 522 3396 ortam,
564 3335 795 3387 alteram
842 3335 896 3385 in
946 3334 1152 3385 Iudaea.
1226 3333 1329 3386 Vt-

328 3425 543 3475 cunque
583 3407 662 3468 s1t‚
702 3407 967 3458 traditum
1008 3406 1083 3457 est
1123 3423 1155 3457 a
1194 3405 1329 3457 mai-

329 3479 515 3531 oribus
607 3479 844 3530 Mariam
933 3477 1329 3545 Magdalenam

329 3552 525 3603 Lazari
554 3551 902 3619 Marthaeque
930 3550 1164 3603 sororem
1202 3567 1327 3602 cum

416 3714 430 3740 ¹
463 3714 681 3770 migrauit
713 3729 721 3758 z
745 3716 793 3757 P.
818 3715 873 3758 A.

413 3772 430 3798 ²
462 3774 535 3817 die
559 3784 625 3829 25.
652 3774 701 3815 in
726 3787 783 3816 m.

1273 275 1505 318 IULIUS.

1421 371 1544 439 ipsis
1571 379 1626 424 et
1649 372 1963 426 Maximino
1984 373 2074 442 alij
2083 374 2209 442 sque
2227 372 2424 427 sanc‘tis

1420 444 1739 496 hominibus
1780 445 1900 513 post
1953 445 2151 498 Christi
2203 447 2426 498 ascensi-

1420 532 1599 579 onem,
1636 517 1766 568 naui
1805 518 1860 569 in
1901 534 2010 585 qua
2049 519 2158 570 fine
2195 519 2331 571 velis
2369 525 2426 571 et

1420 588 1586 639 remis
1612 588 1831 641 fuerant
1868 607 1902 641 a
1942 590 2166 652 Iudaeis,
2189 597 2251 642 vt
2288 607 2423 642 nau-

1421 659 1597 727 fragio
1671 662 1928 728 perirent,
2003 662 2253 730 impositi,
2317 679 2424 730 ope

1421 732 1612 785 diuina
1651 731 1941 784 Massiliam
1980 735 2208 786 tandem
2247 734 2424 803 appli-

1419 804 1582 856 cuisse
1669 806 2016 874 eandemque
2089 807 2423 874 potissimum

1420 876 1834 929 Maffilienfibus
1873 885 1929 929 et
1966 878 2158 930 vicinis
2203 878 2424 946 populis

1420 949 1769 1016 euangelium
1821 950 2151 1017 praedicasse,
2202 959 2259 1003 et
2308 950 2423 1018 ple-

1421 1020 1596 1088 risque
1623 1022 1694 1073 ad
1723 1021 1889 1073 fidem
1918 1022 2114 1075 Christi
2151 1022 2424 1074 conuersis

1420 1093 1475 1144 in
1518 1093 1808 1160 praealtum
1852 1103 2099 1146 montem
2154 1094 2422 1157 secessisse,

1419 1165 1606 1233 ibique
1651 1165 1946 1217 solitariam
1990 1168 2164 1219 vitam
2215 1166 2423 1219 multos

1420 1254 1596 1289 annos
1655 1238 1980 1305 transegisse,
2033 1239 2088 1290 in
2150 1239 2422 1306 frequenti

1420 1316 1607 1361 tamen
1630 1310 1955 1377 angelorum
1974 1311 2368 1363 consuetudine
2389 1329 2423 1363 a

1419 1382 1619 1449 quibus
1641 1383 1749 1433 iam
1775 1383 2039 1434 moritura
2065 1383 2119 1434 in
2143 1383 2421 1434 ecclesiam

1418 1455 1564 1505 vrbis
1609 1453 1883 1522 Aquensis
1927 1456 2082 1506 cuius
2122 1463 2240 1507 erat
2285 1454 2423 1523 epis·

1419 1543 1593 1594 copus
1643 1525 1859 1578 san&us
1911 1527 2274 1590 MaximinuS,
2327 1528 2422 1579 de-

1420 1607 1640 1666 portata
1663 1598 1825 1650 fuerit
1850 1598 1941 1650 vbi
1970 1607 2198 1668 accepta
2224 1599 2423 1651 eucha-

1419 1670 1564 1723 ristia
1612 1669 1956 1737 migrauerit¹
2008 1672 2079 1723 ad
2131 1672 2421 1724 dominum

1418 1743 1494 1810 xj.
1522 1743 1782 1795 calendas
1812 1742 2049 1811 Augusti
2082 1743 2270 1795 multis
2307 1745 2420 1796 edi-

1415 1817 1487 1867 tis
1526 1815 1817 1875 miraculiS‚
1858 1833 1984 1884 quae
2022 1816 2252 1884 longum
2291 1816 2422 1869 esset

1417 1889 1707 1941 recensere.

1490 2003 1546 2060 (I
1587 2000 1809 2053 Iacobus
1844 2000 1896 2052 A
1893 2000 2125 2082 spostolus
2159 2000 2352 2069 duplex

1829 2091 2022 2126 mazch.

1819 2159 2024 2212 Gratia.

1425 2253 1632 2357 ESto
1659 2253 1885 2305 domine
1912 2253 2061 2321 plebi
2088 2259 2200 2304 tuae
2224 2250 2420 2305 sanGti-

1564 2325 1758 2377 ficator
1793 2333 1848 2378 et
1887 2325 2063 2378 custos
2090 2332 2149 2377 vt
2187 2325 2418 2393 apostoli

1414 2398 1493 2450 tui
1548 2398 1737 2449 Iacobi
1798 2399 2012 2449 munita
2075 2397 2336 2465 praefidijs
2405 2417 2418 2450 ε

1414 2478 1469 2522 et
1514 2470 1928 2522 conuersatione
1980 2470 2081 2521 tibi
2133 2470 2353 2538 placeat
2407 2487 2421 2522 ε

1413 2550 1470 2595 et
1497 2543 1680 2594 secura
1708 2550 1894 2594 mente
1920 2542 2189 2594 deseruiat
2216 2561 2227 2594 :
2254 2559 2366 2610 per.

1709 2664 1891 2717 Lemo
1928 2664 2089 2717 tertia
2098 2662 2128 2716 ².

1425 2751 1710 2856 IAcobus
1752 2751 2029 2820 apostolus
2072 2752 2314 2804 zebedaei
2358 2751 2419 2804 fi-

1518 2825 1638 2887 lius,
1690 2826 1916 2876 natione
1966 2824 2214 2892 galilaeus
2277 2825 2420 2876 inter

1415 2898 1625 2965 primos
1677 2896 1951 2964 apostolos
1995 2914 2028 2948 a
2071 2896 2285 2950 Christo
2321 2914 2417 2949 vo-

1416 2978 1571 3021 catus
1634 2969 1737 3020 fuit
1793 2986 1920 3020 cum
1975 2969 2187 3020 Ioanne
2238 2968 2417 3022 fratre.

1418 3042 1528 3110 Qui
1568 3040 1768 3093 reliffis
1810 3041 2017 3093 retibus
2061 3058 2073 3093 :
2116 3058 2240 3108 quae
2286 3049 2419 3093 tunc

1416 3116 1558 3166 forte
1608 3112 1984 3176 deficiebant⁸,
2023 3120 2078 3165 et
2128 3121 2286 3180 patre
2332 3131 2418 3165 ze-

1415 3187 1593 3238 bedeo
1644 3186 1819 3253 ipsum
1865 3186 2033 3237 iesum
2078 3185 2243 3238 secuti
2283 3185 2418 3238 sunt.

1419 3260 1530 3311 Hic
1569 3258 1644 3310 est
1669 3275 1809 3309 vnus
1849 3275 1921 3309 ex
1959 3258 2133 3309 tribus
2159 3257 2420 3325 apostolis

1415 3329 1781 3392 dilectisfimis,
1814 3347 1953 3397 quos
1982 3329 2224 3383 Christus
2256 3330 2419 3382 testes

1416 3404 1521 3455 esse
1555 3402 1732 3455 voluit
1765 3403 1872 3454 suae
1910 3401 2418 3468 transfigurationis

1417 3477 1493 3528 Et
1531 3493 1670 3543 quos
1713 3475 1851 3526 solos
1894 3474 2040 3541 sequi
2084 3474 2135 3525 se
2179 3474 2420 3541 permisit

1415 3550 1643 3600 domum
1698 3547 2024 3614 ingressurus
2071 3546 2199 3598 Iairi
2244 3546 2418 3598 archi-

1506 3711 1524 3738 3
1555 3710 1826 3755 reficiebant
1855 3725 1863 3754 :
1890 3711 1944 3752 R.
1952 3709 2049 3766 sed
2070 3710 2197 3753 leflio
2219 3710 2416 3766 obscura.

1419 3770 1656 3813 reficiebat
1683 3785 1691 3813 ε
1717 3771 1764 3812 Ρ.
1828 3769 2095 3812 reficiebant
2126 3784 2133 3814 :
2157 3770 2211 3812 A.
