2606 4126
1115 262 1169 302 N
1167 262 1201 301 O
1213 262 1480 302 VEMBER.

283 354 483 406 ibidem
519 357 950 420 disseminassent,
978 373 1102 423 rege
1139 373 1264 408 cum

283 427 608 492 primoribus
648 429 942 494 prouinciae
983 430 1053 479 ad
1100 426 1264 478 fidem

286 497 477 548 Christi
521 500 800 560 conuerfiS,
845 500 898 550 in
947 499 1107 551 Sanir
1151 498 1266 549 eius

284 568 517 633 regionis
550 569 694 630 vrbe,
728 587 852 636 quae
888 569 1020 621 .lxx.
1047 567 1266 635 pontifi-

283 655 407 688 cum
448 639 716 691 idolorum
756 641 1093 691 domicilium
1136 646 1268 699 erat,

283 710 429 775 apud
456 711 731 776 quendam
759 711 910 762 suum
945 710 1266 777 discipulum

286 781 486 832 Senem
514 782 733 832 nomine
759 783 1108 832 diuerterunt.
1158 780 1268 831 Vbi

284 868 316 901 a
342 851 690 916 pontificibus
721 870 844 903 cum
881 852 1025 904 Sene
1059 851 1269 918 hospite

283 922 650 988 comprehensi
678 931 732 974 et
759 924 826 974 ad
861 923 982 973 solis
1017 922 1270 988 lunaeque

284 993 517 1059 effigiem
592 995 928 1045 adorandam
1005 990 1270 1053 abstra6ti‚

285 1064 466 1130 palam
494 1064 746 1115 omnibus
779 1066 1051 1116 dixerunt.
1131 1065 1270 1114 Haec

285 1135 405 1185 solis
423 1134 674 1201 lunaeque
690 1135 1118 1187 fimulacravana
1136 1135 1269 1196 sunt,

285 1213 340 1256 et
379 1205 644 1256 malorum
685 1208 999 1257 daemonum
1047 1206 1273 1257 domici-

286 1277 434 1338 lium,
460 1278 606 1343 quod
643 1278 751 1328 iam
790 1278 882 1343 ipsl
919 1277 1268 1344 cognoscetis

289 1349 362 1399 Et
388 1349 626 1399 conuersi
662 1350 731 1399 ad
769 1350 971 1415 effigies
1011 1349 1271 1399 Iubemus

286 1419 584 1486 (inquiunt)
611 1437 709 1471 vos
736 1421 955 1470 nefandi
992 1421 1271 1470 daemones

288 1491 341 1541 in
380 1490 586 1542 Christi.
609 1492 843 1550 nomine,
871 1499 930 1542 vt
963 1491 1046 1540 his
1082 1491 1274 1556 imagi-

288 1562 446 1612 nibus
487 1560 774 1613 confraftis
819 1564 872 1612 in
917 1562 1106 1612 tartari
1151 1579 1274 1627 pro-

290 1633 516 1683 fundam
553 1633 732 1684 sedem
769 1633 953 1684 vestris
990 1633 1274 1683 sceleribus
1314 1630 1317 1633 ’

289 1705 707 1755 conuenientem
807 1705 1062 1770 migretis.
1180 1703 1273 1753 Ad

288 1792 454 1841 quam
480 1793 669 1826 vocem
697 1777 976 1826 daemones
1002 1791 1126 1825 cum
1154 1774 1275 1824 hor-

291 1848 459 1897 rendo
490 1846 709 1913 strepitu
742 1844 1032 1897 confraffitis
1075 1845 1277 1905 statuiS,

291 1925 420 1968 ante
452 1918 779 1968 adstantium
808 1917 994 1968 oculos
1031 1934 1127 1983 per
1153 1933 1278 1966 aera

292 1989 620 2040 dilabuntur.
703 1990 822 2040 Nec
871 1996 1057 2039 tamen
1110 1988 1278 2053 impia

292 2068 347 2110 et
374 2060 621 2126 peruersa
646 2059 963 2126 pontificum
987 2076 1139 2109 mens
1163 2066 1278 2108 tam

293 2132 494 2198 apertis
535 2131 694 2196 signis
734 2131 930 2181 rediuit
971 2130 1040 2180 ad
1085 2130 1279 2179 sanita-

293 2210 420 2263 tem,
434 2202 521 2252 sed
540 2204 609 2253 ad
629 2203 761 2252 iram
783 2200 925 2252 fa&a
944 2201 1279 2261 concitatior,

293 2274 441 2340 quod
469 2273 587 2324 suos
614 2273 746 2324 deos
772 2274 1020 2324 viderent
1047 2273 1116 2322 ab
1149 2289 1279 2337 apo-

294 2345 441 2395 stolis
461 2345 647 2395 haberi
669 2344 915 2402 ludibri0,
938 2351 991 2394 et
1013 2343 1278 2410 populum

295 2416 567 2466 miraculis
594 2416 805 2476 adduci,
829 2415 1007 2466 statim
1035 2432 1128 2464 eos
1155 2430 1278 2464 cum

297 2488 439 2539 Sene
477 2487 653 2553 plagis
691 2488 762 2537 ad
801 2503 989 2537 necem
1034 2485 1279 2536 confece-

294 2566 432 2609 runt.
520 2558 596 2609 Et
644 2558 749 2608 hoc
803 2559 1026 2623 quidem
1082 2573 1281 2623 genere

296 2629 536 2695 martyrij
569 2648 626 2681 .v.
660 2628 914 2680 calendas
951 2628 1281 2679 Nouembris

294 2702 537 2751 coronati
577 2700 696 2751 sunt
740 2701 950 2767 Symon
998 2707 1052 2750 et
1100 2699 1282 2760 IudaS,

295 2772 446 2822 cuius
487 2779 645 2823 extat
684 2788 792 2822 vna
833 2788 1001 2837 parua
1043 2770 1280 2836 epistola,

295 2860 418 2910 quae
446 2843 586 2894 inter
611 2843 813 2909 septem
850 2841 1147 2893 catholicas
1183 2859 1279 2891 nu-

297 2922 547 2966 meratur.

475 3069 530 3125 (1
559 3063 853 3116 Marcellus
879 3072 1099 3128 martyr.

581 3188 759 3240 Laevia
786 3187 942 3239 tertia
956 3186 984 3239 ¹.

310 3280 692 3384 MArcellus
744 3280 966 3329 natione
1017 3277 1288 3344 hispanus,

477 3353 653 3418 patria
703 3349 1038 3416 legionensiS,
1082 3366 1205 3399 cum
1256 3366 1289 3398 a

298 3425 411 3475 vita
450 3422 682 3482 militari,
710 3438 875 3487 quam
913 3420 1097 3470 multis
1133 3420 1290 3470 annis

301 3495 546 3546 centurio
594 3494 837 3560 gesserat,
880 3491 1194 3550 discesslsset‚
1231 3497 1291 3540 vt

252 3579 254 3582 ’
299 3583 426 3617 vera
487 3565 747 3631 religione
808 3570 1035 3628 accepta
1097 3561 1291 3613 christo

2238 241 2330 305 165

1350 356 1691 408 commodius
1725 355 2013 415 inseruiret,
2044 354 2338 405 Diocletia-

1351 446 1422 479 no
1458 436 1511 479 et
1541 428 1884 478 Maximiano
1920 426 2335 491 imperatoribus

1351 499 1631 550 accusatus
1682 498 1757 548 est
1806 515 1871 548 eo
1923 497 2144 546 nomine
2188 495 2335 560 apud

1350 568 1669 636 p1·aefe6tum
1711 569 2086 618 Fortunatum.
2146 565 2247 616 Cui
2287 565 2338 614 se

1352 649 1615 706 tanquam
1661 639 1869 689 militiae
1920 637 2242 688 desertorem
2284 643 2339 686 et

1353 711 1614 761 cultorem
1653 727 1810 760 nouae
1844 708 2226 775 superstitionis
2262 707 2340 756 in-

1354 782 1573 842 cusanti,
1591 781 1735 832 clara
1762 798 1892 831 voce
1919 779 1970 830 se
1997 778 2342 828 christianum

1355 853 1459 903 esse
1486 852 1761 918 respondit
1792 868 1802 901 z
1830 861 1886 902 et
1922 849 2133 902 Christo
2166 848 2340 917 malle,

1357 941 1524 990 quam
1566 923 1791 974 terrenis
1831 921 2163 988 principibus
2203 919 2341 969 mili-

1354 1003 1482 1045 tare.
1560 994 1685 1059 Quo
1720 992 1969 1059 responso
2011 991 2342 1041 Fortunatus

1357 1067 1434 1116 ira
1470 1066 1759 1125 succensUS‚
1784 1062 2027 1115 vinffitum
2055 1079 2178 1112 eum
2211 1061 2342 1111 Tin-

1355 1139 1468 1203 gim
1491 1137 1754 1203 oppidum
1774 1134 2118 1186 Mauritaniae
2136 1133 2205 1183 ad
2218 1130 2345 1197 'Ag-

1357 1208 1654 1259 ricolanum
1696 1207 1976 1273 praefidem
2015 1204 2185 1255 mittit
2227 1222 2238 1253 z
2271 1203 2345 1252 ei-

1357 1297 1464 1345 que
1499 1297 1595 1346 per
1627 1280 1810 1329 literas
1848 1276 2093 1328 Marcelli
2127 1274 2341 1325 causam

1358 1352 1602 1417 exponit.
1679 1350 1806 1416 Qua
1855 1348 2075 1414 cognita
2114 1345 2346 1411 Agrico-

1358 1422 1514 1472 lanus
1541 1421 1894 1472 confitentem
1928 1417 2264 1477 Marcellum,
2290 1423 2346 1466 et

1358 1494 1412 1543 in
1431 1493 1537 1543 fide
1555 1492 1746 1544 Christi
1766 1491 2198 1558 perseuerantem
2220 1504 2345 1553 cap-

1359 1565 1432 1615 ite
1450 1564 1747 1615 damnauit.
1767 1559 2172 1627 Occisusqueest
2189 1575 2348 1625 quar-

1358 1643 1417 1686 to
1467 1635 1723 1686 calendas
1779 1633 2103 1684 nouembriS.
2181 1631 2348 1682 Cuius

1361 1715 1594 1757 mortem
1633 1705 1922 1756 duodecim
1959 1704 2072 1754 eius
2111 1701 2203 1768 filij
2247 1700 2349 1751 sus-

1361 1786 1521 1844 cepto
1561 1777 1822 1842 martyrio
1860 1774 2077 1826 diuersls
2123 1774 2177 1823 in
2217 1772 2349 1823 locis

1362 1849 1585 1900 emulati
1614 1849 1716 1899 esse
1745 1853 2127 1911 memorantur.

1694 1982 1760 2032 N
1756 1979 2006 2031 member.
2031 2003 2034 2008 ·

1435 2097 1489 2152 (I
1518 2093 1727 2160 Festum
1754 2090 1991 2142 omnium
2028 2090 2351 2141 §austerum

1361 2165 1551 2230 duplex
1597 2164 1774 2215 mains
1812 2171 1862 2214 et
1901 2162 2056 2213 habet
2093 2168 2348 2211 octauam.

1361 2237 1410 2287 Α
1422 2236 1463 2286 d
1483 2236 1729 2302 vesperas,

1723 2327 1792 2377 H
1774 2344 1817 2392 y
1821 2344 1871 2376 m
1877 2343 1989 2377 nus.

1367 2418 1646 2523 CHriste
1721 2419 2035 2483 redemptor
2109 2414 2354 2465 omnium

1490 2490 1762 2543 Conserua
1788 2497 1911 2539 tuos
1932 2487 2164 2537 famulos
2188 2505 2197 2535 :
2221 2487 2356 2535 Bea-

1364 2570 1437 2613 tae
1464 2562 1672 2627 semper
1687 2561 1908 2626 virginis
1932 2559 2183 2610 Placatus
2210 2556 2355 2606 sanc-

1366 2634 1436 2685 tis
1464 2634 1726 2699 precibus

1441 2707 1610 2756 Beata
1642 2719 1860 2770 quoque
1899 2701 2120 2767 agmina
2158 2698 2358 2752 Coeles-

1367 2777 1505 2827 tium
1558 2776 1840 2841 spirituum
1887 2772 2180 2832 Praeterita,
2221 2787 2359 2837 prae-

1368 2848 1549 2907 sentia,
1579 2848 1783 2897 Futura
1811 2845 1955 2895 mala
1981 2843 2181 2910 pellite.

1441 2920 1612 2970 Vates
1652 2917 1841 2967 aeterni
1880 2916 2085 2975 iudicis,
2124 2912 2358 2980 Aposto-

1371 2991 1519 3056 lique
1555 2989 1762 3039 domini
1800 2987 2132 3053 Suppliciter
2166 2983 2360 3050 expos-

1373 3063 1562 3121 cimus,
1592 3059 1804 3111 Saluari
1831 3058 2015 3108 vestris
2043 3057 2304 3123 precibus.

1447 3133 1719 3197 Martyres
1758 3130 1845 3180 dei
1897 3128 2100 3193 inclyti,
2140 3125 2362 3179 Confes-

1375 3203 1619 3268 soresque
1682 3201 1844 3251 lucidi
1897 3200 2100 3250 Vestris
2163 3198 2363 3248 oratio-

1374 3275 1531 3324 nibus
1561 3273 1677 3323 Nos
1704 3273 1838 3322 ferte
1865 3271 1917 3320 in
1946 3270 2265 3321 coelestibus,

1447 3345 1612 3397 Chori
1696 3341 2001 3393 sanctarum
2075 3341 2361 3405 virginum,

1376 3415 1884 3479 Monachorumque
1934 3413 2180 3463 omnium
2225 3428 2236 3461 ε
2278 3411 2362 3461 Si-

1378 3488 1489 3537 mul
1529 3504 1652 3536 cum
1694 3483 1885 3534 sa115tis
1925 3484 2177 3534 omnibus
2218 3482 2364 3534 Con-

1378 3559 1543 3609 sortes
1570 3557 1744 3608 christi
1774 3556 1946 3608 facite.

1140 3719 1155 3747 1
1188 3720 1261 3764 die
1286 3732 1340 3775 29
1363 3719 1410 3760 in
1434 3733 1491 3761 m.
