2606 4126
345 286 444 349 148
1212 308 1556 357 AUGUSTUS.

341 399 462 453 abis
489 399 596 451 sine
624 400 775 452 filio?
821 419 931 468 quo
959 402 1207 455 sacerdos
1235 405 1346 457 sine

342 470 551 524 leuita?
591 473 799 538 Xystus
825 482 1011 526 autem
1041 475 1189 526 bono
1216 494 1343 529 eum

342 543 531 595 animo
582 545 687 596 esse
743 545 911 609 iubet,
961 554 1016 598 et
1071 564 1197 614 quae
1248 549 1343 600 fibi

341 616 646 667 mandasset
674 616 946 683 perficere.
974 635 1101 669 nam
1131 620 1260 684 fore,
1284 630 1345 673 vt

340 686 393 737 se
419 688 538 754 post
565 689 807 740 triduum
837 689 1160 757 sequeretur.
1241 692 1343 744 Ille

338 775 469 810 vero
514 759 623 810 iam
677 761 727 811 se
778 760 1058 813 thesauros
1104 763 1342 816 ecclesiae

339 832 675 898 pauperibus
702 832 1023 884 distribuisse
1048 835 1341 902 respondit.

340 903 662 954 Praetoriani
704 922 867 971 porro
908 906 1110 957 milites
1149 909 1340 960 audito

338 976 562 1027 nomine
651 976 886 1027 thesauri
976 978 1338 1032 Laurentium

336 1055 562 1114 captum
615 1049 686 1099 ad
740 1049 1114 1101 Parthemium
1167 1053 1340 1103 tribu-

336 1135 469 1170 num
497 1121 795 1171 adducunt.
853 1122 1049 1188 Itaque
1074 1123 1207 1174 iussu
1236 1124 1336 1174 im-

333 1193 603 1257 peratoris
638 1192 968 1244 Laurentius
996 1196 1336 1261 torquendus

333 1263 632 1314 Valeriano
653 1265 901 1328 traditur,
922 1266 1099 1317 donec
1121 1267 1335 1319 thesau-

333 1352 454 1385 rum
482 1337 694 1402 prodat.
773 1336 885 1403 Qui
920 1338 1053 1388 dum
1085 1338 1155 1389 ab
1191 1339 1333 1407 Hip-

331 1406 526 1474 polyto
583 1408 637 1458 in
691 1425 906 1459 carcere
957 1409 1332 1475 custodiretur,

331 1496 440 1529 non
463 1480 701 1530 cessabat
729 1481 1123 1547 praedicatione
1145 1501 1207 1534 ac
1233 1485 1333 1535 mi-

330 1551 526 1602 raculis
566 1553 728 1603 editis
765 1553 959 1605 Christi
1001 1553 1166 1606 fidem
1208 1573 1331 1622 pro-

328 1641 549 1690 pagare.
629 1625 776 1675 Nam
824 1625 1061 1677 Lucillio
1107 1628 1328 1680 cuidam

327 1697 419 1761 qui
471 1696 743 1763 plorando
790 1697 843 1748 in
892 1715 1107 1750 carcere
1151 1699 1329 1753 fuerat

325 1768 654 1831 obcaecatuS,
695 1770 938 1820 credenti
984 1771 1155 1821 visum
1203 1790 1327 1839 pro-

327 1840 481 1902 misit,
506 1858 569 1891 ac
595 1858 693 1907 per
719 1841 1052 1908 baptismum
1082 1844 1325 1897 restituit.

328 1912 815 1980 Hippolytumque
842 1914 1016 1981 ipsum
1045 1933 1170 1966 cum
1193 1918 1325 1970 xix,

325 1985 439 2035 eius
462 1985 686 2036 familiae
713 1986 1032 2037 hominibus
1055 1989 1124 2039 ad
1150 1989 1324 2041 Chris-

323 2064 441 2107 tum
464 2058 751 2109 conuertit.
807 2057 1113 2110 Produfitus
1136 2069 1321 2112 autem

322 2137 381 2180 vt
426 2129 707 2181 thesauros
747 2132 1020 2197 proderet,
1058 2133 1324 2199 ipsorum-

320 2218 428 2267 que
480 2202 733 2254 redderet
784 2204 1055 2255 rationem
1111 2224 1121 2256 ε
1172 2208 1321 2273 quod

320 2271 528 2325 fastum
557 2282 673 2326 erat
700 2275 969 2342 exposuit,
997 2276 1158 2344 seque
1186 2295 1322 2345 pau-

320 2346 542 2411 peribus
615 2347 773 2413 Xysti
851 2349 1194 2411 mandatum,
1265 2358 1321 2402 et

321 2417 517 2469 Christi
545 2417 854 2470 doctrinam
884 2420 1125 2472 secutum
1149 2422 1321 2473 distri-

318 2490 502 2541 buisse.
579 2490 751 2542 Tum²
789 2509 918 2543 vero
958 2493 1111 2543 simul
1154 2512 1318 2562 prop-

318 2570 401 2612 ter
452 2561 767 2614 distributos
818 2564 1114 2628 thesauros,
1164 2566 1318 2619 simul

317 2642 542 2701 propter
553 2635 747 2687 Christi
766 2636 1166 2700 confessionem,
1180 2639 1316 2690 scor-

316 2707 573 2772 pionibus
609 2708 864 2774 primum,
897 2709 1099 2760 deinde
1133 2708 1314 2778 virgiS,

315 2787 433 2829 tum
462 2779 763 2846 plumbatis
785 2780 1015 2848 flagellis
1038 2781 1316 2834 saeuissime

314 2852 559 2903 caeditur.
646 2851 860 2919 Quibus
931 2854 1315 2920 patientisfime

313 2923 559 2974 toleratis
591 2941 716 2975 cum
750 2923 782 2975 a
819 2924 926 2976 fide
967 2926 1162 2978 Christi
1203 2944 1313 2978 non

311 2996 486 3061 posset
545 2997 735 3057 auerti,
791 2996 979 3048 ferreae
1036 2999 1312 3051 craticulae

311 3068 569 3134 alligatus
609 3069 929 3121 ardentibus
974 3072 1162 3136 prunis
1208 3073 1305 3122 im-

310 3141 545 3206 ponitur,
575 3148 630 3192 et
665 3140 816 3193 lento
844 3142 970 3209 igne
997 3143 1311 3195 constantis-

310 3212 471 3263 simus
499 3214 553 3263 in
592 3213 699 3264 fide
726 3221 976 3276 torretur,
1004 3216 1180 3266 donec
1208 3216 1311 3282 spi-

309 3285 475 3335 ritum
498 3286 671 3336 emis1t
695 3294 891 3352 quarto
914 3287 1036 3337 idus
1058 3287 1306 3355 Augusti.

310 3357 479 3408 Cuius
507 3375 705 3425 corpus
733 3359 1090 3410 circa'vrbem
1128 3361 1182 3410 in
1219 3362 1308 3412 via

307 3429 621 3495 Tyburtina
688 3430 1033 3497 Hippolytus
1094 3434 1306 3484 curauit

306 3500 691 3567 sepeliendum,
728 3502 781 3552 in
823 3504 1013 3568 predio
1054 3504 1302 3570 Cyriacae

304 3575 499 3635 viduae,
561 3591 727 3640 quam
793 3575 884 3626 ille
947 3574 979 3626 a
1042 3577 1303 3629 diuturno

303 3645 497 3696 morbo
526 3645 865 3699 liberauerat.

389 3772 403 3798 1
438 3773 570 3816 Tunc
601 3788 609 3816 :
634 3774 687 3816 R.
711 3775 757 3816 P.
779 3775 832 3818 A.

388 3829 404 3856 ²
437 3831 510 3873 die
539 3843 586 3874 12
611 3833 662 3875 in
686 3846 743 3876 m.

1699 443 1754 501 (I
1800 440 1968 495 Clara
2007 444 2174 514 virgo,

1765 566 1948 621 Leblz'o
1984 569 2105 639 .iij2.

1432 674 1674 779 CLara
1705 678 1859 746 virgo
1896 680 2219 735 sanetissima
2257 683 2429 736 nobili

1562 748 1684 800 loco
1711 759 1844 802 nata
1869 751 2040 820 Asfifij
2072 756 2244 822 (quod
2272 757 2428 824 oppi-

1427 818 1559 870 dum
1582 821 1657 872 est
1686 823 1739 872 in
1764 823 2017 893 Vmbria)
2042 827 2304 890 instituta,
2325 828 2430 879 dis-

1425 891 1715 957 ciplinam⁸
1732 895 1879 947 beati
1900 897 2168 950 Francisci
2194 900 2269 951 sui
2291 901 2426 952 ciuis

1425 962 1620 1026 secuta,
1652 965 1854 1018 reliffifis
1894 971 2188 1023 mundanis
2226 972 2428 1040 opibus

1424 1036 1718 1104 collegium
1760 1040 1990 1094 instituit
2024 1061 2330 1110 pauperum
2369 1053 2426 1098 et

1421 1108 1792 1175 religiosarum
1868 1114 2220 1167 foeminarum
2296 1133 2423 1173 cum

1422 1182 1621 1246 quibus
1649 1186 1852 1237 recessit
1884 1186 1938 1237 in
1966 1187 2245 1239 ecclesiam
2272 1188 2422 1241 beati

1423 1253 1698 1308 Da'miani.
1786 1257 1897 1309 Vbi
1960 1260 2196 1311 mirabili
2259 1261 2421 1327 parfi-

1420 1327 1607 1378 monia
1633 1336 1689 1379 et
1725 1328 2012 1383 sanetitate
2039 1333 2210 1383 vitam
2246 1333 2422 1400 quad·

1419 1400 1634 1464 raginta
1655 1401 1890 1454 duorum
1913 1421 2183 1455 annorum
2205 1405 2421 1472 peregit

1419 1471 1607 1523 multis
1670 1475 1837 1526 etiam
1902 1477 2065 1527 editis
2127 1477 2420 1537 miraculis,

1419 1541 1670 1608 Quorum
1710 1546 1844 1598 illud
1881 1548 2092 1600 filentio
2127 1566 2238 1600 non
2277 1567 2419 1617 prae-

1415 1617 1714 1670 teribimuS.
1793 1620 1960 1687 Quod
1999 1638 2126 1672 cum
2165 1629 2418 1690 tempore

1416 1688 1664 1741 Federici
1723 1691 2084 1759 imperatoriS‚
2140 1693 2419 1760 Saraceni,

1412 1762 1505 1827 qui
1548 1762 1771 1815 Italiam
1808 1766 2131 1829 inuaserant,
2162 1766 2412 1820 Affifium

1411 1834 1734 1898 obsiderent,
1794 1845 1850 1888 et
1906 1838 2082 1905 ipsum
2135 1840 2413 1907 virginum

1414 1907 1802 1960 monasterium
1824 1919 2225 1978 oppugnarent,
2249 1912 2414 1966 Clara

1412 1978 1540 2032 licet
1561 1988 1838 2046 aegrotans
1854 1983 1923 2033 ad
1946 1991 2164 2050 portam
2188 1984 2238 2036 se
2259 1985 2412 2038 iubet

1410 2053 1687 2121 deportari
1716 2055 1769 2105 in
1798 2054 2034 2106 hostiurn
2056 2055 2409 2124 conspectum

1409 2142 1535 2177 cum
1582 2126 1801 2193 capsula
1845 2145 1956 2194 qua
2007 2128 2408 2182 sacramentum

1409 2198 1745 2250 eucharistiae
1833 2200 2234 2265 continebatur,
2313 2202 2408 2254 vbi

1407 2269 1552 2322 hanc
1626 2288 1752 2323 cum
1834 2272 2131 2341 lachrymis
2205 2275 2409 2327 oratio-

1407 2359 1534 2393 nem
1563 2343 1770 2396 effudit.
1846 2345 1935 2397 Ne
1969 2347 2155 2398 tradas
2181 2348 2408 2400 domine

1406 2415 1590 2481 bestijs
1648 2418 1861 2468 animas
1912 2418 2239 2471 confitentes
2290 2421 2406 2483 tibi,

1407 2495 1460 2538 et
1481 2488 1690 2539 custodi
1717 2489 1952 2542 famulas
1974 2498 2097 2542 tuas
2119 2509 2256 2558 quas
2281 2504 2406 2560 pre-

1404 2560 1547 2611 cioso
1605 2561 1867 2628 sanguine
1924 2564 2209 2616 redemisti.
2299 2565 2403 2618 Cui

1404 2650 1516 2683 vox
1562 2634 1632 2685 de
1677 2634 1819 2685 coelo
1870 2637 2088 2689 reddita
2140 2637 2229 2699 est,
2276 2638 2404 2705 Ego

1402 2722 1501 2756 vos
1553 2706 1764 2773 semper
1808 2708 2125 2762 custodiam.
2203 2709 2402 2778 Itaque

1403 2778 1665 2829 Saraceni
1701 2779 1879 2831 subito
1914 2788 2119 2834 terrore
2154 2784 2398 2849 quodam

1398 2851 1642 2917 perculfi,
1683 2851 2021 2904 obfidionem
2067 2853 2301 2917 soluunt‚
2344 2863 2400 2908 et

1398 2923 1492 2989 qui
1539 2941 1723 2976 muros
1761 2925 2115 2977 ascenderant
2148 2928 2399 2981 caecitate

1397 2995 1662 3062 percusfi⁴,
1686 2997 2023 3050 deciderunt.
2079 2998 2251 3050 Paulo
2266 3017 2397 3052 vero

1398 3068 1518 3134 post
1545 3069 1740 3121 morbo
1768 3070 2181 3136 ingrauescente
2202 3072 2396 3124 decern

1397 3149 1453 3193 et
1493 3140 1700 3206 septem
1739 3143 1936 3193 diebus
1975 3143 2083 3194 fine
2120 3142 2232 3195 vllo
2271 3145 2396 3197 cibo

1395 3211 1631 3281 peraffitis
1677 3215 1938 3281 migrauit
1987 3216 2056 3266 ad
2103 3216 2393 3269 dominum

1394 3286 1568 3353 pridie
1597 3286 1720 3338 idus
1744 3287 1996 3354 Augusti.
2022 3294 2274 3355 tempore
2302 3290 2396 3341 In-

1394 3358 1634 3424 nocentij
1656 3360 1851 3426 quarti.
1898 3359 2008 3426 Qui
2026 3368 2392 3427 aegrotantem

1394 3431 1586 3493 inuifit,
1604 3440 1659 3482 et
1686 3431 2065 3484 eucharistiam
2088 3432 2163 3484 est
2189 3433 2394 3502 impar-

1392 3505 1538 3555 titus
1642 3503 1826 3570 Quam
1892 3504 2223 3556 Alexander
2283 3506 2391 3573 .iiij.

1391 3593 1537 3627 anno
1577 3576 1787 3627 domini
1828 3576 2068 3628 .M.cc.lv.
2105 3576 2291 3631 retulit
2335 3579 2393 3630 in

1390 3665 1681 3700 numerum
1712 3646 2019 3700 samftarum
2047 3649 2337 3716 virginum.
2389 3676 2391 3678 ·

1478 3776 1495 3802 3
1526 3776 1909 3833 disciplinamque
1938 3791 1947 3820 :
1972 3777 2025 3820 R.
2050 3778 2096 3820 P.
2116 3776 2170 3820 A.

1476 3835 1492 3862 ‘¹
1523 3836 1728 3892 perclussi
1760 3851 1768 3878 :
1794 3836 1942 3892 R.stc.
2004 3835 2194 3891 perculsi
2225 3851 2234 3880 ε
2260 3836 2307 3880 Ρ.
2331 3837 2386 3881 Α.
2464 3877 2467 3880 ⁴
2509 3813 2542 3899 ἶ

2595 637 2606 694 ἠ
