2606 4126
1190 283 1412 324 IULIUS.

275 374 636 444 synagogi‚·ad
664 376 830 428 filiam
853 377 1012 444 ipsius
1032 394 1064 429 a
1085 385 1259 429 morte

275 448 651 499 reuocandam.
730 448 895 500 Hunc
916 455 970 499 et
994 449 1258 499 Ioannem

274 516 493 569 fratrem
521 525 636 570 tam
662 517 890 571 dile&os
917 519 1021 571 esse
1049 519 1260 571 Christo

273 604 459 639 eorum
487 597 661 640 mater
686 590 1042 656 intelligebat,
1063 598 1123 642 vt
1149 607 1258 641 non

274 658 606 711 dubitauerit
667 661 740 712 ab
788 661 902 727 ipso
953 669 1150 728 petere,
1200 668 1260 712 vt

271 746 441 795 quum
468 731 597 781 esset
623 731 678 782 in
705 731 797 782 suo
829 748 997 798 regno
1028 732 1258 783 alterum

271 817 305 851 a
354 800 565 852 dextris
604 802 910 863 collocaret,
943 802 1174 853 alterum
1226 820 1259 854 a

271 870 498 923 sinistris.
564 873 672 924 Hic
699 873 863 940 igitur
887 874 1120 924 Iacobus
1141 874 1259 940 post

274 941 467 993 Christi
529 943 818 1003 ascensum,
870 960 1039 1010 quum
1090 944 1257 995 fidem

271 1013 430 1079 ipsius
459 1031 555 1080 per
582 1015 827 1079 Iudaeam
863 1023 918 1066 et
952 1016 1257 1067 Samariam

272 1084 590 1136 mirabiliter
644 1086 998 1152 praedicando
1060 1104 1257 1154 propa-

269 1155 439 1220 gasset
490 1175 501 1207 :
550 1155 917 1223 plurimosque
967 1164 1023 1208 et
1071 1159 1126 1208 in
1176 1157 1260 1208 his

273 1226 683 1293 Hermogenem
721 1227 1035 1279 haereticum
1075 1230 1143 1279 ad
1172 1246 1261 1280 ve-

270 1313 387 1348 rum
463 1298 551 1349 dei
625 1298 832 1349 cultum
901 1300 1259 1361 conuenisset,

273 1367 596 1435 Hispaniam
631 1369 830 1436 adijsse,
860 1378 915 1422 et
946 1371 1019 1422 ibi
1059 1388 1257 1422 nouem

269 1445 485 1490 tantum
531 1440 674 1492 viros
713 1442 782 1492 ad
824 1442 1091 1494 Christum
1131 1459 1260 1492 con-

267 1510 480 1562 uertisse
540 1513 786 1564 traditur.
884 1513 1047 1564 Vnde
1112 1514 1258 1564 Iero-

269 1580 535 1647 solymam
599 1583 836 1634 reuersus
897 1584 968 1635 ab
1034 1585 1258 1636 Herode

267 1652 456 1718 gladio
487 1655 775 1720 percussuS,
803 1655 1012 1722 primus
1046 1656 1257 1722 aposto-

267 1723 444 1775 lorum
507 1726 769 1792 martyrio
831 1734 1121 1778 coronatus
1184 1727 1259 1778 est

267 1802 466 1845 octauo
515 1796 771 1848 calendas
814 1797 1022 1864 Aprilis
1069 1817 1079 1848 :
1131 1797 1257 1850 licet

268 1865 461 1916 festum
521 1867 635 1918 eius
697 1868 997 1919 celebretur
1058 1876 1256 1920 octauo

265 1936 522 1988 calendas
565 1937 816 2004 Augusti,
862 1957 971 2005 quo
1011 1941 1099 1991 die
1141 1958 1256 1990 cor-

266 2024 369 2073 pus
395 2008 509 2059 eius
536 2010 859 2061 translatum
887 2011 991 2062 esse
1025 2012 1258 2062 traditur

267 2078 707 2146 Compostellam.
814 2082 922 2148 Qui
986 2083 1118 2134 dum
1185 2083 1255 2133 ad

266 2150 586 2217 supplicium
643 2153 944 2214 duceretur,
1007 2154 1253 2205 oblatum

264 2222 628 2288 paralyticum
680 2224 735 2275 in
776 2225 864 2275 via
903 2224 1126 2286 sanauit,
1166 2243 1255 2276 eo-

264 2309 371 2358 que
447 2293 707 2345 miraculo
774 2296 984 2358 Iosiam,
1046 2297 1139 2362 qui
1204 2297 1255 2348 se

262 2361 507 2415 vinfflmm
545 2366 615 2416 ad
660 2367 941 2417 Herodem
970 2367 1260 2430 traxerat¹,

263 2437 546 2499 conuertit,
574 2444 629 2489 et
655 2438 899 2506 martyrij
930 2440 1254 2506 participem

263 2505 454 2558 effecit.

264 2636 320 2693 (I
359 2631 530 2683 Anna
578 2641 753 2685 mater
789 2633 1027 2701 virgim's
1069 2635 1260 2702 duplex

334 2703 528 2755 minus,
606 2704 711 2755 Ad
742 2706 1084 2758 matutinum.
1159 2709 1254 2758 In·

332 2774 649 2827 uitatorz'um
657 2775 688 2829 ².

334 2859 652 2911 Laudemus
701 2861 867 2912 deum
920 2862 1157 2914 nostrum
1198 2863 1251 2914 in

261 2930 584 2983 confessione
609 2932 787 2984 beatae
814 2932 1012 2985 Annae.

341 3057 598 3125 Hymnus
635 3059 716 3110 ad
748 3060 1078 3112 matutinum
1117 3070 1170 3112 et

630 3131 879 3196 vesperas,

390 3213 527 3265 Vius
592 3215 822 3267 obtentu
899 3216 1034 3267 deus
1107 3217 1251 3268 alme

427 3285 617 3336 nostris
681 3287 848 3337 Parce
910 3288 1018 3338 iam
1077 3288 1249 3353 culpis

262 3355 402 3406 vicia
454 3356 752 3418 remittenS‚
803 3358 930 3423 Quo
980 3359 1079 3409 tibi
1130 3359 1251 3425 puri

262 3426 570 3478 resonemus
597 3427 802 3479 almum
831 3427 1070 3480 Peetoris
1093 3429 1251 3497 hym-

263 3514 518 3619 nugloria
557 3570 711 3636 patri,
749 3571 1060 3638 genitaeque
1100 3572 1252 3638 proli,

473 3730 507 3765 >¹
541 3739 707 3775 traerat
736 3748 745 3776 z
772 3734 816 3774 P.

1095 3734 1110 3759 ²
1143 3733 1217 3777 die
1240 3733 1295 3776 26
1317 3734 1366 3776 in
1389 3747 1445 3775 m.

2236 279 2330 330 143

1345 377 1418 428 Et
1444 377 1543 428 tibi
1575 393 1800 444 compar
1829 377 2100 444 vtriusque
2127 378 2335 445 semper

1345 448 1581 514 Spiritus
1631 448 1775 499 alme
1824 449 1958 499 deus
1996 466 2133 500 vnus
2183 450 2332 500 omni

1343 519 1617 587 Tempore
1644 518 1780 571 secli.
1853 517 2052 571 Amen.

1651 643 1832 694 Leffz‘lo
1858 643 2031 696 tertia.

1343 729 1554 831 ANna
1617 728 1842 793 virginis
1907 728 1995 779 dei
2058 729 2333 794 genitricis

1482 805 1657 850 mater
1699 799 1879 850 Gaziri
1920 799 2032 850 filia
2077 817 2149 850 ex
2188 801 2332 851 tribu

1344 870 1484 921 Iuda
1528 870 1582 920 in
1626 869 1949 921 Bethlehem
1991 870 2196 936 oppido
2243 872 2334 922 Iu-

1343 942 1480 992 daeae
1509 948 1652 1003 nata,
1676 940 1918 991 Ioachini
1947 940 2048 992 suit
2067 959 2218 1002 vxor,
2239 943 2331 1009 qui

1343 1020 1399 1063 et
1425 1012 1535 1078 ipse
1562 1029 1635 1062 ex
1672 1012 1865 1063 eadem
1902 1012 2044 1062 tribu
2073 1012 2332 1064 Galilaeus

1342 1091 1459 1134 erat
1486 1100 1558 1134 ex
1581 1082 1875 1145 Nazareth,
1893 1083 2058 1134 ambo
2079 1100 2150 1134 ex
2172 1083 2332 1151 stirpe

1342 1155 1490 1219 regia
1523 1152 1940 1220 sancff‘oerumque
1976 1162 2211 1220 patrum,
2238 1156 2330 1221 ipsi

1342 1223 1510 1276 sanfifi
1566 1233 1733 1292 atque
1796 1225 1927 1287 iusti,
1980 1232 2040 1276 vt
2102 1226 2332 1277 decebat

1341 1303 1597 1362 parentes
1659 1296 1868 1347 futuros
1917 1297 2155 1362 virgini5‚
2207 1314 2332 1363 quae

1345 1367 1614 1419 Christum
1642 1375 1758 1418 erat
1778 1369 2141 1434 progenitura.
2219 1368 2329 1421 Sed

1341 1456 1656 1505 quanquam
1698 1439 1751 1489 in
1794 1438 2058 1490 charitate
2097 1439 2330 1490 maritali

1341 1507 1657 1560 sanctissime
1694 1511 1969 1576 degerent,
2010 1510 2101 1561 diu
2143 1517 2330 1561 tamen

1341 1582 1668 1647 optatissima
1688 1581 1839 1648 prole
1856 1588 2156 1632 caruerunt.
2216 1582 2330 1633 Do-

1341 1668 1442 1703 nec
1468 1652 1585 1718 post
1612 1668 1818 1702 annum
1844 1652 2174 1718 vigesimum,
2202 1670 2331 1703 con-

1340 1731 1501 1789 ceptu
1520 1731 1574 1774 et
1592 1731 1712 1774 ortu
1732 1723 2087 1774 sacratissimae
2107 1724 2330 1790 virginis

1343 1793 1534 1844 Mariae
1563 1794 1857 1845 felicissimo
1892 1794 2190 1853 sterilitatis,
2216 1812 2330 1846 ma-

1339 1864 1462 1916 cula
1499 1865 1694 1928 deleta,
1723 1873 2006 1932 compotes
2045 1864 2173 1917 fac'ti
2210 1866 2330 1918 sunt

1340 1936 1626 2002 longissimi
1691 1936 1973 2003 desyderij.
2040 1938 2330 2004 ‘Migrauit

1340 2015 1525 2058 autem
1554 2009 1624 2059 ad
1661 2008 1946 2058 dominum
1974 2008 2204 2075 septimo
2242 2026 2329 2060 ca-

1338 2078 1528 2129 lendas
1604 2078 1854 2144 Augusti,
1915 2080 2067 2130 cuius
2135 2096 2330 2146 corpus

1339 2151 1622 2200 conditum
1666 2150 1741 2200 est
1791 2151 1845 2200 in
1898 2149 2221 2202 Bethlehem
2275 2152 2328 2203 in

1338 2229 1566 2288 paterna
1594 2221 1876 2288 sepultura.

1736 2348 1940 2400 Oratio,

1347 2433 1582 2535 DEuS‚
1603 2433 1694 2499 qui
1715 2434 1894 2484 beatae
1912 2432 2096 2484 Annae
2117 2440 2328 2486 tantam

1488 2505 1722 2570 gratiam
1741 2505 1945 2555 donare
1962 2505 2217 2571 dignatus
2240 2523 2327 2558 es:

1338 2582 1398 2626 vt
1424 2574 1781 2626 beatissimam
1818 2583 2048 2627 matrem
2081 2583 2234 2628 tuam
2274 2578 2327 2628 in

1337 2646 1572 2712 glorioso
1588 2654 1741 2698 vtero
1762 2655 1979 2713 portare
2001 2655 2296 2699 mereretur
2319 2669 2329 2702 :

1338 2719 1410 2770 da
1460 2718 1620 2769 nobis
1658 2718 1980 2785 quaesumuS,
2027 2736 2125 2785 per
2164 2720 2328 2771 inter-

1338 2790 1621 2840 cessionem
1679 2790 1869 2840 matris
1920 2798 1976 2840 et
2025 2789 2166 2852 filiae,
2216 2798 2327 2842 tuae

1338 2861 1742 2927 propitiationis
1783 2861 2178 2912 abundantiam
2220 2881 2231 2913 :
2268 2870 2327 2913 vt

1341 2949 1570 2997 quarum
1623 2932 1942 2982 memoriam
1999 2932 2090 2998 pio
2141 2949 2326 2984 amore

1337 3001 1754 3069 compleAEtimur
1792 3022 1803 3053 :
1840 3020 2026 3053 earum
2058 3004 2328 3070 praecibus

1337 3074 1407 3124 ad
1435 3074 1704 3124 coelestem
1730 3074 2017 3124 Ierusalem
2044 3075 2328 3140 peruenire

1335 3145 1616 3196 valeamus
1645 3164 1655 3196 :
1682 3145 1774 3211 qui
1800 3145 1937 3196 viuis
1965 3152 2033 3196 et.

1355 3262 1411 3318 ([
1450 3258 1684 3310 Martha
1738 3259 1913 3325 Virgo,
1986 3258 2165 3311 Ιζεὲἳίο
2203 3260 2321 3327 ‚iffi

1349 3357 1466 3460 M
1481 3356 1662 3408 Artha
1688 3356 1879 3408 Christi
1900 3357 2111 3425 hospita
2134 3359 2326 3412 Mariae

1517 3435 1571 3478 et
1594 3429 1787 3478 Lazari
1810 3428 1966 3489 soror,
1989 3430 2107 3495 post
2130 3431 2324 3483 Christi

1336 3498 1607 3550 ascensum
1635 3499 1705 3549 ad
1733 3507 1945 3565 patrem
1974 3517 2005 3550 a
2034 3500 2235 3553 Iudaeis
2268 3504 2322 3554 in

1336 3570 1704 3636 persecutione
1744 3570 2152 3622 christianorum
2198 3591 2323 3625 cum

1701 3734 1717 3758 '⁰'
1749 3733 1822 3777 die
1847 3745 1911 3789 29.
1936 3735 1986 3777 in
2009 3749 2066 3777 m.
