2606 4126
1206 253 1297 292 MA
1303 253 1417 295 IUS.
2246 252 2264 288 1
2278 250 2303 301 3
2318 250 2336 286 1

342 354 397 410 (I
451 350 503 403 V
498 350 632 402 ι’έῖον
651 358 702 401 et
723 367 911 401 corona
938 357 1211 416 martyres.

563 421 743 472 Lemo
777 420 935 472 tertia
951 418 981 473 ¹.

282 516 540 620 VIStoe
573 519 727 571 miles
768 519 1057 571 Antonino
1098 519 1267 585 impe-

425 598 603 641 ratore
652 591 707 641 in
751 590 912 657 Syria
951 591 1128 657 paffus
1177 590 1265 641 est.

282 659 584 711 Produ6tus
615 662 760 711 enim
801 662 870 712 ad
911 660 1148 712 tribunal
1189 661 1266 712 iu-

278 731 412 782 dicis
440 731 754 792 Sebastiam,
782 749 906 782 cum
933 731 1039 797 dijs
1074 732 1265 782 immo-

279 801 390 852 lare
415 810 801 863 contemneret,
819 803 1130 853 immaniter
1149 820 1265 853 cru-

277 873 462 924 ciatur.
562 873 708 924 Nam
780 873 1015 939 primum
1079 874 1265 939 digitis

278 943 478 995 malleo
539 941 828 995 confractis
883 944 936 994 in
988 943 1263 996 fornacem

277 1014 559 1066 ardentem
598 1015 780 1066 missus
815 1015 903 1076 est,
939 1032 1039 1065 nec
1078 1022 1263 1066 tamen

277 1102 308 1135 a
335 1084 557 1136 flamma
582 1085 750 1138 laesus.
812 1086 1028 1137 Deinde
1054 1103 1265 1137 veneno

277 1156 491 1223 sumpto
528 1157 701 1207 nihilo
740 1158 914 1223 magis
953 1158 1022 1208 ab
1066 1174 1131 1208 eo
1173 1157 1265 1208 lae-

276 1228 434 1279 ditur.
497 1226 624 1294 Quo
651 1228 911 1279 miraculo
936 1226 1110 1279 viCtus
1138 1230 1264 1280 arti-

275 1298 382 1355 fex,
440 1300 533 1365 qui
595 1316 864 1350 venenum
929 1309 1264 1366 porrexerat,

275 1367 473 1421 relictis
512 1370 670 1421 idolis
711 1372 781 1422 ad
826 1370 1094 1423 Christum
1137 1389 1264 1422 con-

274 1441 455 1492 uersus
494 1441 582 1494 est.
656 1442 802 1493 Tum
827 1440 1002 1493 victor
1032 1442 1261 1493 feruenti

273 1512 396 1563 oleo
457 1512 812 1579 perfunditur,
863 1521 1028 1579 atque
1091 1514 1262 1564 oculis

272 1584 528 1649 priuatur.
605 1584 880 1635 Postremo
930 1585 1122 1651 capitis
1167 1586 1262 1635 ob-

273 1655 615 1705 truncatione
659 1656 979 1721 martyrium
1016 1656 1262 1707 consum-

275 1727 460 1777 mauit.
550 1726 717 1778 Cuius
785 1726 1043 1793 exemplo
1110 1736 1262 1778 mota

273 1797 498 1847 foemina
516 1798 768 1864 quaedam
789 1797 1006 1849 Corona
1026 1800 1261 1861 nomine,

273 1885 397 1918 cum
426 1868 632 1935 ingenti
663 1886 796 1919 voce
829 1869 1097 1921 Christum
1133 1887 1260 1920 con-

272 1939 548 2001 clamaret,
574 1947 629 1991 et
665 1939 715 1990 se
759 1940 1115 1991 Christianam
1158 1942 1261 1992 esse

272 2010 545 2074 fateretur,
572 2011 641 2061 ab
668 2012 862 2062 eodem
900 2013 1076 2062 iudice
1111 2030 1261 2063 com-

271 2081 546 2148 prehensa,
585 2082 796 2132 duabus
837 2083 1103 2148 proximis
1145 2084 1259 2149 pal-

274 2153 376 2203 mis
402 2153 455 2204 vi
483 2170 683 2219 magna
709 2154 834 2204 hinc
863 2155 988 2205 inde
1008 2156 1259 2216 curuatiS‚

273 2241 466 2274 manus
520 2233 574 2275 et
637 2225 805 2291 pedes
882 2224 1258 2292 distringitur²,

273 2295 581 2361 laxatisque
599 2303 652 2347 et
670 2297 722 2345 in
737 2296 1005 2346 diuersum
1025 2295 1261 2348 reduStis

270 2366 586 2432 discerpitur
608 2384 619 2418 z
640 2374 694 2417 et
715 2367 783 2418 fic
808 2367 1004 2434 palmis
1025 2366 1259 2429 dissecta,

273 2438 517 2504 martyrij
571 2439 813 2505 palmam
856 2439 931 2490 est
975 2439 1261 2491 consecuta

271 2509 446 2576 pridie
474 2510 596 2560 idus
623 2508 773 2575 Maij.

337 2601 392 2658 (I
431 2599 755 2651 Potentz'ana
781 2600 949 2668 virgo,
1018 2600 1199 2653 Leffc'io

330 2732 334 2737 ,
657 2670 855 2724 ίενίιίῑ3.

278 2755 673 2857 POtentiana
698 2756 851 2822 virgo
880 2757 1141 2808 Pudentis
1177 2775 1260 2808 ro-

411 2827 557 2877 mani
602 2827 734 2877 ciuis
783 2828 894 2878 filia
945 2846 1068 2879 cum
1120 2829 1258 2879 miro

272 2914 456 2948 amore
466 2897 667 2949 coleret
678 2898 1036 2951 Christianam
1049 2899 1260 2966 religio-

272 2985 413 3031 nem,
430 2969 622 3020 orbata
640 2971 959 3036 parentibus
976 2988 1100 3021 cum
1119 2971 1259 3022 soro-

271 3056 327 3090 re
350 3039 442 3090 sua
464 3041 712 3092 Praxede
738 3042 936 3092 assidue
963 3042 1177 3108 ieiunijs
1204 3050 1259 3094 et

269 3111 604 3162 orationibus
635 3129 853 3174 vacam,
890 3130 1054 3164 omne
1093 3115 1259 3180 patri-

272 3182 518 3232 monium
559 3182 652 3234 fibi
693 3200 765 3234 ex
814 3184 1134 3236 haereditate
1179 3203 1260 3236 re-

271 3249 459 3302 liGtum
509 3254 772 3316 vendidit,
823 3262 878 3305 et
928 3256 1258 3322 pauperibus

270 3323 551 3375 distribuit.
631 3325 811 3376 Huius
862 3343 1028 3393 opera
1077 3324 1109 3377 a
1162 3328 1259 3378 Pio

271 3411 498 3445 romano
539 3395 796 3461 pontifice
830 3404 948 3448 tota
983 3398 1142 3464 ipfius
1183 3398 1260 3448 fa-

270 3465 421 3517 milia
456 3466 527 3517 ad
562 3466 831 3518 Christum
861 3469 1115 3519 conuersa
1142 3469 1215 3520 est
1247 3487 1258 3521 z

357 3598 372 3625 1
405 3598 481 3642 die
503 3610 556 3652 .4.
579 3599 630 3641 in
654 3613 710 3641 m.
770 3611 821 3652 14
849 3614 857 3643 ε
884 3602 936 3642 R.
956 3601 1001 3643 P.
1020 3602 1073 3643 A.

358 3656 375 3683 2
406 3657 692 3711 distinguitur
719 3671 727 3699 :
752 3659 804 3700 A.

358 3714 375 3739 ³
407 3715 481 3757 die
500 3727 584 3768 -19-
609 3715 659 3757 in
684 3729 740 3758 m.

1354 349 1724 416 baptizatique
1746 350 1865 401 sunt
1885 351 2155 418 Vtriusque
2182 351 2340 401 sexus

1354 437 1580 471 numero
1631 421 1785 487 .xcvj.
1864 422 1938 472 Et
1987 438 2111 472 cum
2161 422 2340 472 Anto-

1354 491 1513 541 ninus
1589 491 1715 541 Pius
1793 493 2088 559 imperator
2159 491 2339 543 edic‘to

1353 561 1573 627 publico
1608 562 1875 623 sanxisset,
1915 570 1976 614 vt
2019 562 2343 613 christianis⁴

1351 632 1578 698 priuatis
1651 633 1917 700 sacrificijs
1991 635 2233 685 contenti
2307 632 2340 683 a

1352 702 1582 768 publicis
1620 704 1948 755 abstinerent
1989 721 2001 755 ε
2041 705 2167 755 Pius
2204 720 2338 771 pon-

1351 773 1489 824 tifex
1499 792 1605 825 vna
1623 792 1745 825 cum
1767 775 2079 827 Christianis
2101 776 2154 825 in
2172 776 2339 826 domo

1351 847 1687 911 potentianae
1705 846 1850 897 sacra
1872 847 2120 897 faciebat.
2184 846 2338 913 Quos

1351 932 1541 966 omnes
1584 917 1737 983 virgo
1788 918 1925 967 mira
1974 917 2233 983 religione
2283 925 2338 967 et

1351 988 1611 1038 comitate
1631 988 1925 1054 recipiebat
1946 1007 1956 1039 ε
1977 995 2031 1039 et
2051 988 2339 1039 necessaria

1351 1058 1427 1108 eis
1482 1058 1928 1110 subministrabat.
2007 1060 2112 1109 His
2175 1060 2339 1125 igitur

1349 1130 1517 1194 virg0‚
1545 1147 1608 1181 ac
1645 1130 1845 1181 talibus
1877 1130 2105 1191 virtutiS,
2138 1138 2192 1181 et
2226 1131 2337 1198 pie-

1350 1202 1479 1251 tatis
1541 1201 1796 1267 operibus
1846 1202 1938 1252 diu
1990 1199 2188 1262 functa,
2239 1202 2337 1251 mi-

1349 1272 1529 1337 grauit
1579 1272 1649 1322 ad
1712 1273 2011 1334 dominum,
2062 1279 2117 1323 et
2180 1273 2337 1323 iuxta

1349 1350 1562 1409 patrem
1628 1343 1776 1394 suum
1843 1344 2051 1410 sepulta
2114 1343 2187 1394 est
2249 1344 2337 1394 via

1351 1414 1562 1465 Salaria
1617 1415 1670 1464 in
1721 1416 2035 1465 coemeterio
2087 1414 2336 1465 Priscillae

1348 1485 1498 1552 .xiiij.
1527 1485 1782 1536 calendas
1812 1485 1970 1551 Iunij.

1468 1657 1523 1712 CI
1580 1653 1824 1705 Vrbanus
1836 1663 1981 1720 papa
2008 1662 2225 1720 martyr.

1649 1725 1830 1776 Lec‘Zz'o
1854 1725 2052 1777 tertz'a5.

1348 1830 1689 1931 VRbanus
1727 1830 1904 1897 patria
1943 1848 2212 1893 romanus,
2261 1832 2336 1883 M.

1482 1901 1796 1952 Antonino⁶
1826 1902 2152 1968 imperatore
2193 1920 2338 1953 anno

1349 1973 1541 2025 Christi
1577 1973 1807 2038 ,ccxxvj.
1834 1973 2214 2039 pontificatum
2243 1976 2337 2025 ad-

1347 2052 1519 2110 eptuS‚
1538 2044 1740 2095 multos
1762 2043 2059 2095 sanffititatis
2081 2045 2339 2112 exemplo

1348 2124 1402 2166 et
1445 2113 1694 2166 do&rina
1744 2115 1993 2181 singulari
2050 2118 2119 2167 ad
2171 2116 2336 2167 fidem

1346 2186 1608 2238 traduxit.
1684 2187 1759 2237 Et
1798 2187 1851 2237 in
1874 2186 1956 2237 his
1982 2187 2336 2238 Valerianum

1346 2258 1524 2308 beatae
1563 2257 1781 2309 Ceciliae
1823 2257 2087 2324 sponsum,
2133 2266 2187 2309 et
2226 2259 2336 2325 Ty-

1346 2329 1587 2379 burtium
1633 2328 1870 2380 eiusdem
1912 2329 2188 2380 Valeriani
2234 2329 2337 2380 fra-

1345 2407 1485 2451 trem
1550 2419 1560 2451 :
1624 2400 1716 2466 qui
1779 2400 1963 2466 postea
2015 2402 2335 2467 martyrium

1346 2471 1611 2522 constanti
1630 2471 1813 2521 animo
1831 2471 2183 2537 pertulerunt.
2226 2473 2336 2523 Hic

1346 2543 1587 2603 instituit,
1625 2549 1684 2593 vt
1722 2543 1927 2609 praedia
1965 2551 2020 2594 et
2058 2543 2255 2595 fundos
2306 2561 2339 2595 a

1346 2614 1597 2665 fidelibus
1647 2614 1862 2665 oblatos
1925 2614 2143 2665 ecclefia
2206 2615 2338 2665 reci-

1346 2693 1498 2752 peret
1548 2702 1612 2735 ac
1661 2691 1871 2736 teneret
1922 2686 1975 2735 in
2031 2703 2336 2747 commune,

1345 2764 1643 2823 prouentus
1676 2764 1861 2807 tamen
1901 2756 2107 2807 clericis
2134 2758 2335 2808 viritim

1346 2828 1686 2894 partirentur.
1753 2827 1894 2879 Sunt
1915 2828 2007 2894 qui
2034 2829 2337 2879 attribuant

1344 2900 1471 2950 huic
1497 2896 1895 2950 distinfitionem
1916 2907 2175 2965 quattuor
2199 2908 2337 2951 tem-

1345 2987 1553 3037 porum,
1600 2987 1663 3020 ac
1704 2969 1884 3035 ieiunij
1943 2986 1954 3020 ε
2004 2987 2128 3022 cum
2173 2979 2336 3022 antea

1344 3042 1629 3092 hominum
1652 3041 1922 3107 imperitia
1943 3041 2337 3093 confunderen-

1345 3120 1445 3164 tur.
1511 3113 1752 3163 Demum
1780 3128 1903 3162 cum
1932 3111 2141 3163 sedisset
2161 3130 2334 3164 annos

1346 3184 1452 3250 .iiij.
1519 3182 1725 3234 menses
1788 3182 1978 3233 decem
2041 3183 2157 3234 dies
2221 3185 2334 3251 ,xij.

1346 3255 1610 3321 martyrio
1677 3261 1969 3304 coronatus
2029 3254 2116 3316 est,
2169 3262 2224 3306 et
2279 3257 2333 3307 in

1345 3325 1672 3377 coemeterio,
1721 3324 2040 3375 Praetextati
2084 3326 2172 3376 via
2223 3327 2336 3393 Ty-

1345 3398 1563 3448 burtina
1618 3394 1855 3462 sepultus
1907 3396 2026 3462 ,viij.
2078 3397 2334 3449 calendas

1347 3468 1504 3533 Iunij.

1434 3598 1450 3625 4
1482 3597 1711 3640 christiani
1741 3613 1749 3641 :
1775 3599 1827 3640 R.
1851 3600 1896 3640 P.
1917 3599 1969 3641 Α.

1434 3657 1450 3681 ⁵
1482 3657 1556 3699 die
1578 3666 1659 3710 .25.
1685 3657 1734 3697 in
1758 3671 1814 3698 m.

1433 3715 1451 3740 ⁰
1481 3714 1685 3756 Antonio
1715 3715 1799 3757 :A.
