2606 4126
310 268 411 319 114

305 385 487 435 neque
543 367 783 436 praefidis
835 367 1060 420 monitis
1119 365 1152 419 a
1208 367 1301 435 pio

305 439 552 492 instituto
589 441 831 492 reuocari
877 440 1156 507 potuisset:
1213 457 1303 491 ca-

303 511 460 579 pitali
511 512 778 564 sententia
828 513 1126 564 damnatur
1174 528 1301 563 cum

305 584 623 636 Philoromo
656 585 988 636 centurione.
1067 583 1177 652 Qui
1212 601 1302 635 co-

304 656 565 708 nantibus
593 664 648 708 et
675 657 868 719 iudice,
895 664 951 708 et
977 656 1302 723 propinquis

303 726 336 779 a
366 746 495 780 vera
529 730 738 796 pietate
779 727 1026 780 Phileam
1066 728 1302 779 summo-

302 818 429 852 vere
463 801 892 862 exclamauerat,
928 799 1077 867 Quid
1114 800 1304 852 frustra

302 873 666 924 constantiam
701 873 966 924 fortissimi
991 873 1091 923 viri
1125 879 1305 923 tenta-

303 943 429 996 tis¹?
508 944 620 997 Cur
668 962 795 996 eum
852 945 1050 1012 cogitis
1101 962 1304 1011 negare

303 1018 486 1079 deum,
508 1025 569 1069 vt
595 1017 913 1068 hominibus
941 1016 1302 1084 obsequatur?

305 1089 606 1156 Quomodo
633 1089 811 1156 potest
837 1090 1066 1141 terrenis
1088 1088 1303 1155 lachry-

304 1163 407 1212 mis
436 1158 596 1214 flecfi.
660 1162 813 1213 cuius
841 1161 985 1212 oculi
1025 1160 1302 1212 coelestem

303 1234 414 1285 iam
461 1233 695 1301 gloriam
743 1233 1107 1285 contuentur?
1191 1234 1303 1284 Ita-

300 1324 408 1373 que
435 1304 468 1357 ὲ
501 1307 663 1357 turba
695 1306 910 1357 furente
945 1305 1303 1372 comprehen-

301 1378 387 1430 sus
432 1378 566 1429 iussu
606 1377 847 1445 praesldis
888 1379 1156 1444 martyrio
1194 1395 1303 1428 vna

301 1468 427 1502 cum
481 1450 671 1501 Philea
715 1457 1038 1502 coronatur.
1114 1450 1303 1517 pridie.

301 1523 494 1574 Nonas
523 1522 820 1589 Februarij.

300 1646 357 1705 11
385 1643 434 1694 Α
436 1642 612 1710 gatha
639 1642 794 1710 virgo
825 1650 1052 1710 martyr.
1128 1641 1306 1693 Lec'lz'o

741 1713 861 1782 ,iij‘i

309 1807 554 1911 DEcio
596 1808 927 1875 imperatore
968 1805 1304 1874 Quintianus

460 1879 663 1932 Siciliae
682 1879 877 1947 praeses
895 1887 1092 1947 captus
1116 1897 1304 1931 amore

301 1953 501 2005 nobilis
535 1961 702 2019 atque
739 1952 961 2020 egregia
993 1952 1170 2003 forma
1198 1953 1303 2003 vir-

299 2027 444 2092 ginis
490 2025 736 2092 Agathae
782 2026 836 2075 in
887 2024 1019 2076 vrbe
1072 2024 1303 2086 Catana,

299 2115 425 2149 cum
472 2097 643 2165 ipsam
691 2096 1039 2148 christianam
1086 2097 1205 2158 esse,
1247 2105 1302 2148 et

299 2168 499 2222 sanctae
522 2170 802 2237 pudicitiae
823 2170 1161 2237 cognouisset
1179 2170 1301 2236 capi

299 2260 422 2295 eam
451 2243 602 2294 iubet
620 2249 892 2310 praetenta
912 2242 1302 2309 superstitionis

298 2316 470 2367 causa.
581 2315 875 2382 Ipsamque
950 2314 1300 2382 Aphrodifiae

298 2388 519 2439 cuidam
547 2387 754 2454 septem
789 2386 1023 2438 filiarum
1057 2388 1301 2438 meretri-

299 2477 424 2511 cum
452 2460 614 2511 matri
641 2467 696 2510 et
731 2459 870 2510 lenae
902 2460 1047 2526 turpi
1080 2459 1301 2510 consue-

299 2533 491 2584 tudine
512 2531 928 2599 deprauandam
950 2533 1133 2582 tradit.
1189 2531 1300 2584 Sed

298 2604 418 2672 post
446 2605 592 2656 diem
621 2604 973 2670 trigesimum,
997 2621 1124 2654 cum
1148 2604 1298 2671 Aga·

297 2676 395 2728 tha
468 2677 829 2727 meretriciam
901 2677 1301 2742 turpitudinem

299 2748 476 2800 multo
505 2749 680 2815 magis
708 2748 875 2799 exosa
903 2746 1137 2799 santff’dor
1157 2766 1220 2799 ac
1248 2748 1302 2798 in

298 2822 500 2872 virtute
517 2820 851 2872 constantior
871 2820 1143 2887 perflstere
1166 2838 1303 2871 nun—

299 2895 546 2956 ciaretur,
590 2893 820 2960 produci
863 2893 1098 2943 eandem
1139 2893 1209 2943 ad
1251 2892 1303 2943 se

300 2965 651 3033 Quintianus
674 2972 977 3032 optareque
998 2965 1163 3016 iubet.
1195 2964 1301 3030 dijs

300 3055 369 3089 ne
396 3037 692 3090 sacrificare
719 3036 924 3099 mallet,
946 3054 1016 3087 an
1038 3036 1302 3104 supplicia

299 3111 547 3178 ingentia
574 3110 760 3161 subire.
828 3109 969 3177 Quae
992 3126 1117 3161 cum
1140 3109 1302 3160 nullis

300 3182 578 3251 supplicijs
618 3181 650 3233 a
689 3182 798 3233 fide
827 3181 1024 3234 Christi
1065 3181 1115 3232 se
1155 3181 1302 3248 posse

299 3255 628 3306 summoueri
693 3254 1060 3321 respondisset,
1127 3254 1302 3321 alapis

298 3327 654 3378 vehementer
716 3326 854 3377 caesa
916 3327 972 3377 in
1028 3343 1302 3378 carcerem

301 3400 553 3451 truditur.
630 3398 718 3450 Ac
749 3398 1010 3465 postridie
1049 3416 1176 3450 cum
1210 3416 1303 3450 eo—

300 3472 428 3523 dem
450 3472 638 3523 animo
659 3470 1039 3538 perseueraret,
1053 3471 1106 3521 in
1131 3488 1304 3538 equu-

300 3543 388 3596 leo
433 3544 718 3605 cruciatur,
755 3550 903 3595 torta
941 3544 1196 3610 primum,
1237 3560 1301 3595 ac

386 3741 403 3769 1
434 3742 658 3786 tentantis
687 3756 695 3784 :
722 3743 777 3786 R.

386 3800 403 3828 2
435 3801 511 3844 die
533 3810 587 3857 ,5.
613 3801 663 3843 in
685 3814 744 3844 m.

1141 271 1309 312 FEBR
1317 271 1559 333 UARJUS.

1388 367 1590 420 deinde
1640 367 1862 420 absciffa
1925 367 2185 422 mamilla.
2261 367 2391 438 Quo

1391 440 1777 508 patientissime
1816 440 2067 504 tolerat0‚
2094 440 2215 508 post
2239 442 2388 494 diem

1392 520 1650 579 quartum
1693 513 1870 565 acutis
1908 512 2132 575 testuliS,
2172 520 2228 565 et
2269 512 2391 566 sub-

1390 584 1569 636 stratis
1587 585 1929 636 carbonibus
1964 585 2287 652 imponitur:
2325 601 2392 637 ac
2484 596 2507 616 -‘
2528 591 2570 633 ‘i-

1389 655 1684 709 volutatur.
1753 657 1880 709 Hoc
1900 656 2034 708 dum
2057 657 2390 724 fieret,mag-

1390 745 1493 780 nus
1514 736 1674 781 terrae
1701 737 1885 781 motus
1907 729 2098 781 vrbem
2117 730 2390 792 concuffit,

1390 818 1502 867 quo
1528 802 1706 868 paries
1741 818 1998 853 corruens
2032 800 2306 854 Siluinum
2334 808 2390 854 et

1393 872 1715 925 Falconium
1773 873 2013 941 praesldis
2063 873 2392 925 domesticos

1389 946 1660 1012 oppreffit.
1740 946 1938 1013 Itaque
1990 946 2139 997 ciues
2189 946 2390 998 timore
2480 951 2551 990 4212:

1385 1017 1614 1084 perculfi
1642 1035 1847 1086 magno
1873 1017 2112 1070 clamore
2138 1018 2193 1069 in
2215 1016 2391 1085 Quin·
2476 1022 2518 1053 ?-·

1389 1090 1621 1152 tianum,
1659 1091 1925 1142 damnata
1971 1090 2086 1141 eius
2128 1091 2182 1141 in
2228 1089 2391 1157 virgi·
2476 1088 2510 1155 '.-

1391 1178 1518 1213 nem
1547 1162 1766 1224 saeuitia,
1795 1163 2152 1214 concitantur.
2182 1202 2187 1207 .
2230 1162 2392 1214 Tunc

1389 1251 1519 1285 vero
1546 1234 1776 1301 Agatha
1802 1235 1857 1286 in
1885 1251 2158 1286 carcerem
2186 1233 2391 1286 retrudi

1391 1306 1623 1368 iubetur,
1650 1324 1762 1373 quo
1791 1324 1917 1358 cum
1950 1307 2081 1358 esset
2112 1307 2391 1359 semimor-
2493 1298 2502 1303 ”

1391 1385 1489 1429 tua
1522 1375 1749 1430 redu&a
1787 1380 1954 1431 deum
1989 1386 2050 1431 vt
2086 1379 2236 1431 suam
2275 1379 2391 1430 ani·
2476 1378 2502 1427 :Z

1392 1467 1542 1502 mam
1589 1451 1854 1518 reciperet
1895 1458 2137 1518 precata,
2175 1468 2250 1503 ex
2288 1449 2392 1502 hac
2479 1466 2481 1469 ’

1389 1523 1505 1575 vita
1532 1523 1791 1590 migrauit
1817 1524 1977 1575 nonis
2006 1522 2303 1590 Februarij.

1795 1644 1998 1698 Oratio.

1401 1738 1639 1841 DEus,
1666 1738 1759 1806 qui
1795 1739 1938 1821 inter
1967 1745 2167 1791 caetera
2194 1745 2398 1822 ‘poten-
2478 1712 2486 1722 ι

1554 1818 1648 1862 t1ae
1682 1818 1793 1862 tuae
1834 1810 2097 1863 m1racula
2132 1818 2300 1863 etiam
2337 1828 2393 1863 in
2477 1833 2480 1839 ·

1391 1883 1525 1935 sexu
1571 1883 1750 1950 fragili
1801 1881 2088 1935 vifitoriam
2140 1883 2389 1951 martyrij
2473 1885 2477 1889 ’

1391 1955 1686 2007 contulisti:
1726 1956 1970 2008 concede
2002 1956 2297 2024 propitius:
2334 1963 2396 2009 vt

1391 2028 1544 2080 cuius
1578 2028 1830 2080 natalitia
1859 2027 2114 2080 colimus:
2154 2046 2252 2096 per
2278 2028 2395 2080 eius
2568 2063 2575 2066 -

1392 2102 1462 2152 ad
1506 2108 1561 2152 te
1603 2100 1867 2169 exempla
1910 2100 2250 2168 gradiamur:
2291 2101 2395 2153 Per

1390 2173 1694 2225 dominum.

1389 2297 1445 2354 (I
1498 2293 1782 2346 Adaufflus
1837 2301 1889 2345 et
1932 2292 2075 2360 socij
2117 2301 2393 2360 martyres.
2426 2355 2430 2360 ,

1714 2365 1896 2418 LeHio
1927 2364 2052 2433 λζ’]θ.

1392 2459 1740 2562 TEmpore
1763 2458 2109 2520 Diocletiani,
2131 2465 2186 2510 et
2208 2458 2393 2509 Maxi·
2497 2499 2499 2502 Α

1518 2532 1686 2582 miani
1714 2532 2108 2599 imperatorum
2137 2530 2394 2582 saeuiente
2462 2551 2469 2599 j

1391 2604 1444 2654 in
1463 2603 1781 2655 christianos
1801 2603 2177 2671 persecutione
2197 2604 2393 2654 ciuitas

1391 2676 1650 2743 quaedam
1696 2674 1966 2743 Phrygiae,
2000 2693 2124 2743 quae
2157 2675 2393 2743 publicae
2459 2671 2502 2722 -s

1391 2756 1446 2799 et
1485 2765 1691 2815 magno
1730 2749 1935 2799 ciuium
1974 2748 2222 2799 omnium
2263 2765 2393 2799 con-

1391 2820 1541 2871 sensu
1576 2820 1772 2871 Christi
1812 2819 1980 2871 fidem
2017 2819 2393 2886 profitebatur,

1391 2910 1516 2943 cum
1545 2892 1696 2943 nulla
1729 2893 1942 2943 ratione
1975 2892 2174 2943 adduci
2202 2892 2392 2959 poffet,
2540 2895 2546 2901 ”

1390 2972 1450 3016 vt
1482 2966 1616 3016 deos
1650 2964 1859 3016 alienos
1892 2965 2160 3026 adoraret,
2187 2964 2393 3016 obsessa
2490 3009 2505 3021 c

1392 3037 1463 3088 ab
1502 3037 1799 3104 impiorum
1840 3037 2103 3097 exercitU,
2143 3036 2392 3088 vniuersa
2462 3070 2468 3082 ι,
2510 3098 2514 3103 .

1391 3109 1499 3160 fine
1525 3108 1636 3160 vllo
1665 3109 1826 3160 sexus
1860 3116 1958 3160 aut
1989 3109 2172 3160 aetatis
2211 3109 2392 3160 discri-
2459 3126 2502 3169 ⁴·

1392 3182 1540 3233 mine
1604 3181 1929 3243 incenditur,
1993 3189 2153 3233 tanta
2230 3181 2390 3249 impi-
2452 3228 2464 3241 ,

1390 3271 1548 3305 orum
1585 3254 1923 3316 crudelitate,
1955 3261 2014 3305 vt
2050 3253 2232 3305 nullus
2273 3270 2392 3305 om·
2456 3258 2461 3264 '
2490 3321 2495 3324 μ

1390 3326 1523 3377 nino
1562 3326 1696 3377 ciuis
1735 3326 1862 3377 huic
1898 3326 2045 3377 vrbis
2087 3325 2391 3378 calamitati
2451 3327 2496 3392 j„
2575 3362 2581 3397 ,-

1390 3398 1723 3465 superfuerit.
1802 3398 1971 3451 Cuius
2011 3399 2159 3450 beati
2201 3407 2416 3450 nume-{i
2453 3412 2463 3422 ‘⁴
2488 3465 2491 3469 .

1391 3470 1599 3538 roslque
1653 3470 1898 3537 martyrij
1957 3470 2111 3521 fimul
2158 3471 2229 3522 ab
2273 3469 2391 3521 vni-

1389 3543 1542 3595 uersa
1574 3543 1800 3595 ciuitate
1834 3542 2076 3610 suscepti,
2110 3540 2303 3594 au6tor
2335 3548 2391 3595 et

1480 3740 1498 3769 3
1529 3742 1605 3786 die
1627 3752 1680 3796 .7.
1705 3742 1757 3784 in
1779 3755 1838 3784 m.

2434 3624 2463 3661 Ο·
2512 3613 2543 3636 ”τ

2441 3673 2451 3684 v

2569 3387 2581 3425 ἓ

2528 3523 2571 3547 ,ἠέ

2538 3553 2571 3589 η

2502 3602 2508 3606 ’
2521 3599 2536 3620 'v
