2606 4126
297 281 393 332 132

693 384 895 437 Gratia.

304 471 473 575 DA
553 471 864 539 quaesumus
945 469 1298 536 omnipotens

446 544 583 596 deus
624 563 635 595 z
672 551 731 596 vt
771 544 864 610 qui
903 542 1051 594 beati
1085 542 1299 594 Vrbani

297 617 551 683 martyris
591 616 670 667 tui
711 624 879 682 atque
918 613 1194 681 pontificis
1222 613 1300 664 so-

297 688 481 739 lennia
508 687 739 739 colimus
768 706 778 738 :
805 687 920 738 eius
948 686 1098 753 apud
1126 693 1181 737 te
1219 686 1301 736 in-

295 760 698 812 terceffionibus
726 759 1054 810 adiuuemur
1081 776 1092 809 :
1122 775 1233 825 per.

459 885 515 942 ΕΙ
555 882 712 935 Felix
734 891 881 949 papa
918 891 1141 949 martyr.

637 955 820 1007 Lec‘Zz'o
845 953 963 1022 .z'z'j¹.

293 1039 518 1143 FElix
566 1041 745 1108 patria
784 1057 1044 1091 romanus
1083 1038 1302 1090 Aureli-

420 1130 527 1164 ano
556 1114 888 1179 imperatore
914 1112 1299 1179 pontificatum

295 1185 532 1252 adeptus
595 1185 686 1237 est.
764 1185 874 1235 Hic
939 1184 1182 1246 instituit,
1241 1191 1302 1235 vt

297 1265 604 1324 martyrum
642 1257 908 1308 memoria
947 1255 1167 1322 singulis
1207 1272 1302 1306 an-

297 1330 381 1380 nis
409 1329 681 1395 sacrificijs
721 1329 1104 1379 celebraretur.
1182 1328 1303 1379 Nec

298 1402 391 1452 nisi
431 1402 485 1452 in
526 1401 648 1452 loco
688 1401 836 1452 sacro
880 1400 1032 1450 missa
1074 1417 1303 1466 perage-

297 1481 459 1534 retur,
503 1481 872 1540 praeterquam
925 1479 1159 1539 cogente
1210 1489 1303 1523 ne-

298 1547 550 1606 cessitate,
601 1544 1012 1612 Templumque
1063 1544 1216 1604 iuss1t,
1267 1544 1303 1594 si

298 1619 369 1669 de
413 1617 822 1669 consecratione
874 1617 1035 1683 ipslus
1082 1616 1305 1667 dubita-

299 1698 459 1753 retur,
511 1690 694 1741 denuo
757 1689 1071 1740 consecrari.
1124 1705 1305 1755 neque

299 1763 446 1813 enim
474 1762 732 1813 iteratum
759 1761 932 1812 videri
960 1761 1162 1812 debere
1192 1762 1305 1811 dic-

299 1835 471 1896 tabat,
517 1835 667 1901 quod
721 1831 930 1885 fa&um
982 1833 1087 1884 esse
1138 1833 1306 1883 nesci-

300 1914 486 1959 retur..
563 1906 843 1958 Postremo
918 1922 1044 1957 cum
1122 1905 1305 1956 mense

302 1977 601 2030 Decembri
640 1978 995 2046 presbyteros
1046 1977 1135 2030 jx.
1189 1978 1305 2029 dia-

301 2050 493 2102 cones²
535 2069 596 2103 .v.
640 2051 925 2118 episcopos
963 2069 1024 2102 .v.
1066 2050 1304 2110 creasset,

301 2124 567 2190 martyrio
609 2131 903 2174 coronatus
945 2123 1035 2174 via
1076 2122 1307 2173 Aurelia

301 2196 557 2263 sepelitur
598 2195 684 2263 ‚iij.
738 2195 997 2247 calendas
1053 2195 1193 2261 Iunij
1251 2195 1305 2246 in

301 2268 521 2319 basllica
583 2285 753 2335 quam
807 2267 917 2335 ipse
969 2268 1308 2328 condiderat,

304 2348 472 2407 atque
535 2341 833 2393 dicauerat.
909 2339 1067 2390 Sedit
1120 2347 1307 2391 autem

305 2430 479 2464 annos
507 2413 612 2480 .iiij.
643 2412 855 2463 menses
883 2412 970 2478 .iij.
1001 2412 1118 2462 dies
1146 2429 1253 2463 .xv.

641 2548 697 2605 ΙΙ
737 2544 945 2596 Iunius.

303 2642 359 2699 εἷ
400 2636 725 2704 Pamphilus
738 2634 1058 2703 proesbyter³
1086 2645 1308 2703 marzjyr.

612 2709 794 2760 Lemo
822 2707 1017 2760 tertz‘a‘.

313 2795 710 2900 PAmphilus
761 2794 1050 2862 presbyter
1103 2793 1312 2846 caesari·

446 2868 582 2920 ensis
617 2875 775 2918 tanto
815 2867 1128 2918 diuinorum
1156 2867 1309 2918 volu-

304 2941 516 2993 minum
550 2957 737 2991 amore
776 2939 1046 3006 flagrauit,
1072 2947 1131 2990 vt
1171 2939 1309 2990 cele-

302 3014 599 3065 berrimam
639 3010 1032 3063 bibliothecam
1065 3011 1309 3078 vndique

304 3086 517 3137 summo
568 3084 745 3136 studio
793 3083 1107 3150 conquisitis
1160 3083 1309 3134 libris

307 3158 551 3210 Cesareae
587 3156 954 3208 construxerit
984 3173 994 3207 :
1024 3172 1311 3222 magnam-

302 3248 411 3298 que
437 3238 650 3297 partem
682 3228 937 3296 Origenis
958 3245 1187 3294 operum
1217 3227 1310 3278 sua

305 3319 474 3354 manu
537 3300 888 3368 descripserit.
968 3299 1110 3367 Quae
1173 3300 1307 3351 Hie-

305 3391 571 3441 ronymus
614 3373 665 3424 se
705 3373 908 3434 vidisse,
947 3389 1012 3423 ac
1050 3372 1309 3434 habuisse,

305 3447 625 3514 ingentique
665 3445 969 3511 cupiditate
1000 3444 1147 3512 quasi
1187 3444 1308 3494 the-

306 3519 520 3570 saurum
573 3518 813 3584 aliquem
867 3517 1108 3577 seruasse,
1146 3516 1306 3568 testa-

394 3681 409 3708 ¹
442 3680 518 3725 die
541 3693 608 3736 30.
633 3682 683 3723 in
707 3695 766 3725 m.

393 3739 410 3765 2
443 3739 666 3783 diaconos
696 3755 704 3782 :
730 3741 783 3782 R.
808 3741 853 3783 P.
876 3741 929 3782 A.

394 3799 411 3824 3
443 3797 681 3855 presbyter
710 3815 718 3843 z
745 3799 802 3842 R.
825 3801 870 3842 Ρ.
888 3801 943 3842 Α.

1212 285 1455 326 JUNJUS.

1382 379 1510 432 tur⁵.
1594 380 1817 448 Scripsit
1862 379 2143 442 nonnulla,
2186 379 2387 447 quibus

1385 454 1648 520 insignem
1681 450 2008 516 dofitrinam,
2035 459 2091 503 et
2125 468 2387 519 magnam

1385 526 1515 576 vitae
1538 522 1953 576 sanctimoniam
1971 523 2198 590 posteris
2217 523 2390 574 mani-

1387 597 1594 659 festam,
1674 614 1737 648 ac
1819 596 2075 648 testatam
2156 595 2390 663 reliquit.

1388 670 1634 721 Demum
1697 669 1818 736 post
1878 669 2044 720 beata
2095 667 2285 728 studia,
2336 673 2392 718 et

1388 741 1593 793 multos
1621 759 1720 808 pro
1747 740 1967 792 ecclesia
1995 741 2099 803 dei,
2127 757 2190 791 ac
2215 738 2391 807 gloria

1389 814 1629 865 nominis
1664 813 1939 864 christiani
1975 811 2272 864 exhaustos
2313 810 2392 862 la-

1387 886 1547 937 bores
1576 905 1586 936 :
1613 887 1760 952 apud
1781 885 2085 938 Caesaream
2106 883 2390 935 Palestinae

1387 975 1488 1025 pro
1515 958 1625 1009 fide
1662 957 1855 1022 Christi
1888 958 1943 1007 in
1971 956 2392 1024 persequutione

1389 1030 1686 1081 Maximini
1749 1030 2095 1097 imperatoris
2146 1029 2392 1080 calendis

1391 1102 1533 1169 Iunij
1565 1102 1830 1169 martyrio
1858 1109 2152 1153 coronatus
2181 1101 2271 1153 est.

1389 1246 1445 1303 {I
1486 1242 1846 1294 Marcellinus
1893 1250 1946 1293 et
1991 1243 2194 1293 Petrus
2249 1259 2395 1294 mar-

1580 1324 1732 1382 tyres,
1806 1314 1988 1366 Leb‘t'z'o
2017 1315 2176 1366 tertia
2184 1313 2215 1366 ⁶.

1390 1422 1831 1525 TEmporibus
1860 1421 2195 1474 Diocletiani
2223 1423 2397 1490 impe-

1533 1495 1729 1545 ratoris
1773 1512 1943 1546 romae
1997 1495 2190 1546 Petrus
2236 1513 2396 1546 exor-

1389 1565 1521 1618 cista
1585 1567 1720 1618 iussu
1780 1566 1973 1618 Sereni
2037 1567 2231 1618 iudicis
2296 1584 2398 1635 pro

1392 1638 1588 1691 Christi
1616 1639 1840 1690 nomine
1868 1639 1922 1690 in
1958 1656 2232 1691 carcerem
2270 1657 2400 1691 con-

1392 1709 1566 1762 ietfftus
1611 1730 1621 1763 :
1672 1710 1961 1762 Paulinam
2000 1712 2239 1779 Artemij
2283 1729 2398 1764 car-

1392 1784 1528 1834 ceris
1555 1783 1792 1835 custodis
1819 1783 1988 1834 filiam
2017 1784 2088 1835 ab
2110 1784 2399 1836 immundo

1392 1856 1581 1923 spiritu
1620 1856 1891 1917 liberauit,
1919 1856 2205 1923 ipsumque
2232 1856 2399 1909 Arte-

1393 1929 1564 1979 mium
1612 1946 1737 1979 curn
1784 1929 2020 1996 coniuge
2065 1937 2119 1980 et
2165 1928 2292 1991 filia,
2334 1947 2398 1982 ac

1391 2009 1513 2052 tota
1553 2001 1738 2062 domo,
1783 2009 1839 2052 et
1883 2001 2153 2068 plerisque
2190 2002 2399 2066 viciniS,

1392 2073 1486 2140 qui
1516 2074 1585 2124 ad
1621 2073 1947 2124 miraculum
1984 2082 2358 2126 conuenerant
2388 2093 2399 2126 ι

1393 2146 1465 2196 ad
1524 2145 1798 2198 Christum
1851 2147 2137 2209 conuertit,
2190 2154 2245 2198 et
2295 2147 2397 2198 hos

1394 2235 1587 2268 omnes
1677 2218 2031 2270 Marcellinus
2110 2219 2401 2287 presbyter

1393 2291 1714 2357 baptizauit.
1794 2290 1920 2357 Quo
1985 2293 2248 2343 nunciato
2301 2291 2398 2344 Se-

1394 2380 1556 2414 renus
1614 2363 2014 2424 Marcellinum,
2067 2371 2122 2415 et
2175 2365 2398 2416 Petrum
2487 2418 2494 2423 ,

1394 2435 1465 2486 ad
1525 2435 1576 2486 se
1627 2433 1942 2502 produ&05‚
1995 2436 2183 2487 multis
2235 2437 2399 2488 minis

1394 2507 1465 2558 ab
1522 2508 1767 2575 incoepto
1819 2508 2091 2559 deterrere
2141 2509 2397 2561 tentauit.

1397 2579 1500 2631 Cui
1540 2597 1665 2630 cum
1710 2579 2069 2631 Marcellinus
2110 2581 2402 2633 christiana

1394 2651 1649 2703 libertate
1676 2652 1747 2703 ad
1781 2652 1971 2703 omnia
2005 2652 2358 2719 responderet
2391 2673 2401 2705 :

1395 2724 1596 2791 pugnis
1659 2741 1786 2774 eum
1847 2724 2133 2776 contusum
2180 2725 2402 2792 separat

1395 2795 1427 2846 a
1466 2797 1642 2858 PetrO,
1673 2797 1994 2863 nudumque
2033 2798 2088 2848 in
2125 2815 2399 2849 carcerem

1394 2868 1544 2919 testis
1606 2869 1794 2919 vitreis
1858 2869 2184 2936 perstratum
2255 2870 2400 2922 trudi

1395 2941 1548 2992 iubet
1593 2939 1703 2991 fine
1745 2940 1883 3003 cibo,
1926 2948 1982 2993 et
2023 2941 2133 2993 fine
2178 2942 2399 2994 lumine.

1396 3013 1589 3063 Petrus
1617 3013 1810 3063 itidem
1843 3013 1952 3064 alio
1981 3014 2034 3064 in
2064 3013 2186 3065 loco
2218 3012 2401 3066 arGtis-

1395 3085 1539 3135 simis
1565 3084 1798 3135 vinculis
1825 3085 2225 3153 constringitur.
2285 3087 2398 3140 Sed

1395 3157 1489 3207 diu
1518 3157 1743 3208 cruciati
1773 3174 1898 3208 cum
1927 3157 2180 3209 fortiores
2207 3159 2398 3222 indieS,

1396 3236 1563 3295 atque
1592 3229 1646 3280 in
1676 3228 1871 3281 Christi
1908 3230 2233 3282 consessione
2270 3249 2400 3283 con-

1396 3301 1683 3352 stantiores
1710 3302 2100 3366 inuenirentur,
2127 3311 2288 3355 extra
2313 3320 2398 3355 vr-

1395 3446 1579 3512 capite
1591 3445 1743 3512 plexi
1763 3414 2030 3513 martyrio
2051 3456 2396 3500 coronantur

1397 3517 1611 3568 Lucilla
1646 3535 1776 3568 vero
1816 3527 2070 3570 matrona
2109 3519 2399 3573 christiana

1482 3681 1498 3709 4
1531 3682 1607 3725 die
1630 3695 1684 3725 .1.
1710 3683 1760 3725 in
1784 3697 1842 3726 m.

1482 3741 1499 3766 5
1531 3742 1718 3785 testetur
1747 3757 1755 3785 :
1781 3743 1829 3784 P.

1483 3799 1499 3825 ⁶
1532 3799 1606 3843 dic
1629 3812 1684 3843 .2.
1708 3801 1759 3843 in
1782 3814 1841 3842 m.
