2606 4126
330 281 426 333 162

325 389 707 446 animaduerso
725 388 849 441 solis
866 395 1067 457 praeter
1080 387 1331 440 ordinem

329 473 540 518 naturae
567 459 802 523 defectu,
821 477 948 513 cum
976 461 1107 512 esset
1127 460 1208 512 vir
1234 478 1332 511 ex-

329 536 537 590 cellens
599 535 752 586 omni
816 531 1084 594 do&rina,
1145 549 1331 584 coram

332 607 521 661 multis
549 605 894 667 exclamasse,
922 604 1044 656 Aut
1074 603 1211 655 deus
1239 621 1333 655 na-

331 690 470 734 turae
497 679 718 746 patitur,
743 685 839 728 aut
866 677 1057 728 mundi
1080 675 1336 727 machina

332 752 650 805 dissoluitur.
729 750 870 802 Cum
907 756 1092 799 autem
1133 747 1335 799 Paulus

332 824 590 878 Athenas
617 821 859 882 venisset,
885 828 940 872 et
972 818 1171 872 durstus
1207 820 1336 872 esset

336 898 392 948 in
419 896 799 962 Areopagum,
822 900 881 944 vt
908 892 1180 943 rationem
1219 892 1336 943 eius

335 966 602 1020 doctrinae
639 966 905 1027 redderet,
933 981 1100 1031 quam
1138 964 1337 1030 praedi-

335 1040 513 1102 cabat,
548 1039 602 1090 in
640 1037 824 1089 medio
863 1037 1081 1088 senatus
1118 1036 1339 1088 mirabi-

336 1113 461 1164 liter
494 1112 564 1163 de
590 1127 719 1162 vera
752 1109 959 1176 pietate
995 1115 1051 1159 et
1077 1108 1338 1159 resurrec-

335 1185 488 1236 tione
529 1181 724 1236 Christi
759 1198 823 1232 ac
860 1187 1199 1231 mortuorum
1236 1179 1340 1231 dis-

337 1256 515 1307 seruit.
595 1253 720 1321 Qua
747 1253 996 1304 oratione
1023 1269 1148 1303 cum
1186 1252 1339 1314 alios,

338 1336 457 1380 turn
501 1328 556 1378 in
597 1325 789 1393 primis
835 1324 1162 1390 Dionysium
1208 1341 1341 1375 con-

340 1399 520 1451 uertit.
552 1414 790 1464 eumque
825 1396 1104 1448 constituit
1137 1396 1341 1463 episco-

339 1488 474 1540 pum
522 1469 849 1522 atheniensis
888 1468 1138 1520 ecclesiae.
1217 1467 1341 1519 Post

341 1561 407 1595 ea
456 1559 587 1595 vero
639 1558 766 1593 cum
821 1540 1064 1592 Romam
1115 1540 1342 1592 venisset

342 1614 637 1683 Dionysius
673 1621 732 1665 vt
775 1614 998 1664 Petrum
1035 1612 1247 1664 videret
1287 1620 1343 1664 et

343 1687 592 1748 Paulum,
612 1702 751 1754 quos
773 1685 1022 1737 audierat
1048 1685 1103 1736 in
1124 1684 1345 1737 vincula

342 1757 623 1812 conie&os
685 1757 805 1821 esse,
867 1757 1155 1824 aliquanto
1226 1756 1346 1825 post

341 1840 593 1899 tempore
633 1830 819 1881 missus
861 1829 937 1881 est
982 1847 1015 1881 a
1058 1828 1347 1881 Clemente

343 1906 399 1956 in
476 1903 716 1955 Galliam
787 1901 859 1953 ad
930 1901 1346 1970 praedicandum

343 1975 713 2042 euangelium,
754 1990 921 2041 quem
968 1973 1180 2041 sequuti
1226 1974 1349 2026 sunt

345 2048 600 2100 Rusticus
618 2046 984 2115 presbyter‚et
995 2046 1348 2098 Eleutherius

345 2122 611 2173 diaconus
640 2138 650 2170 z
676 2119 843 2186 Vsque
878 2118 949 2170 ad
976 2118 1168 2170 vrbem
1203 2119 1349 2170 Pari-

344 2193 555 2244 siorum.
597 2191 705 2243 Vbi
725 2208 851 2242 cum
871 2189 1075 2242 multos
1093 2191 1163 2242 ad
1183 2189 1349 2242 fidem

347 2265 544 2319 Christi
591 2263 953 2325 conuertisset,
998 2262 1052 2314 in
1105 2263 1352 2330 persecu-

305 2383 311 2388 .
345 2339 499 2389 tione
530 2336 840 2387 Domitiani
867 2335 1015 2402 capti
1053 2335 1351 2402 Dionysius

347 2417 403 2461 et
463 2408 588 2475 socij
651 2425 685 2459 a
738 2407 1038 2459 Fescenino
1090 2404 1353 2475 praefecto

347 2481 704 2534 vehementer
739 2480 867 2531 loris
908 2478 1174 2546 flagellati
1217 2479 1354 2542 sunt,

352 2553 464 2606 Sed
502 2569 626 2604 curn
665 2568 775 2602 non
811 2551 1024 2619 possent
1065 2553 1285 2603 auocari
1321 2570 1354 2604 a

349 2625 641 2677 christiana
672 2625 895 2691 pietate,
923 2623 1181 2691 postridie
1217 2625 1353 2675 Dio-

350 2697 531 2765 nysius
583 2697 638 2747 in
690 2695 953 2748 craticula
1003 2695 1177 2748 ferrea
1225 2697 1354 2763 igne

352 2768 627 2837 supposito
683 2768 998 2835 imponitur,
1050 2775 1105 2820 et
1166 2769 1356 2820 multis

352 2842 555 2894 deinde
582 2839 860 2908 supplicijs
893 2839 1140 2892 afficitur.
1219 2840 1354 2907 Qui-

353 2915 456 2966 bus
520 2913 784 2980 superatis
847 2912 993 2963 idern
1059 2913 1356 2980 Dionysius

354 2986 707 3053 nonagesimo
729 2985 909 3036 aetatis
932 2984 1038 3035 suae
1061 3002 1207 3036 anno
1228 3002 1354 3036 cum

354 3058 510 3125 socijs
562 3057 804 3108 similiter
862 3057 1115 3108 cruciatis
1176 3058 1357 3124 capite

353 3138 637 3183 truncatur
663 3129 895 3196 septimo
924 3129 1046 3180 idus
1084 3126 1356 3181 Oetobris.

356 3202 467 3270 Qui
498 3202 791 3268 Dionysius
832 3201 985 3252 suum
1028 3209 1196 3269 caput
1239 3201 1359 3253 sub-

356 3273 591 3335 stulisse¹,
620 3282 675 3325 et
704 3274 960 3324 manibus
996 3291 1095 3341 per
1130 3273 1357 3340 longum

356 3347 595 3415 spacium
612 3346 847 3414 portasse
859 3346 1107 3398 traditur.
1137 3346 1360 3413 Scripsit

357 3425 544 3471 autem
575 3418 809 3468 mirabili
838 3418 1080 3484 quadam
1109 3416 1362 3470 doctrina

357 3490 556 3543 librum
598 3491 670 3541 de
710 3489 915 3540 coelesti
951 3490 1272 3551 hierarchia,
1308 3498 1362 3542 et

358 3563 593 3614 alterum
645 3562 716 3613 de
767 3562 970 3613 diuinis
1030 3563 1363 3617 nominibus,

443 3731 458 3758 ¹
491 3729 739 3774 sustulisse:
773 3730 830 3773 A.

443 3788 460 3816 ²
494 3790 704 3833 Callistus
733 3803 743 3832 ε
777 3789 831 3831 R.
858 3789 906 3831 P.
931 3789 985 3831 A.

1217 280 1515 337 OCTOBER.

1419 391 1564 442 Item
1616 390 1686 442 de
1738 390 1966 457 mystica
2014 389 2312 459 theologia,
2344 397 2424 445 et

1418 462 1527 514 aHa
1566 463 1850 515 nonnussa.

1824 613 2030 667 OratiO.

1539 717 1670 780 EuS,
1686 719 1781 785 qui
1803 717 2071 772 hodierna
2091 719 2181 772 die
2197 720 2425 781 beatum

1564 790 1891 857 Dionysium
1928 799 2232 858 martyrem
2267 799 2426 844 tuum

1421 863 1624 914 virtute
1651 862 1970 914 constantiae
1998 864 2052 914 in
2080 865 2319 931 passione
2343 881 2427 915 ro-

1421 934 1621 986 borasti
1668 953 1679 985 :
1724 936 1929 1002 quique
1979 935 2056 986 illi
2111 935 2183 987 ad
2227 935 2428 1003 praedi-

1423 1007 1663 1058 candum
1702 1007 2233 1074 gentibus‘gloriam
2272 1014 2425 1059 tuam
2514 1019 2522 1027 ·

1426 1078 1711 1130 Rusticum
1740 1086 1795 1130 et
1818 1078 2199 1131 Eleutherium
2227 1079 2429 1131 sociare

1423 1151 1686 1217 dignatus
1713 1168 1785 1213 eS,
1812 1152 1993 1203 tribue
2020 1152 2180 1217 nobis
2216 1151 2428 1219 quaesu-

1425 1239 1547 1274 mus
1596 1240 1670 1274 ex
1721 1240 1911 1274 eorum
1966 1224 2278 1275 imitatione
2328 1240 2430 1290 pro

1425 1311 1613 1346 amore
1639 1302 1735 1346 tuo
1757 1295 2013 1362 prospera
2035 1295 2226 1347 mundi
2253 1295 2431 1363 despi-

1425 1384 1547 1417 cere
1587 1383 1598 1418 :
1633 1374 1688 1418 et
1724 1367 1874 1419 nulla
1910 1368 2026 1419 eius
2062 1367 2289 1420 aduersa
2321 1366 2428 1419 for-

1427 1440 1639 1490 midare
1672 1458 1682 1491 :
1713 1455 1826 1506 per.

1429 1598 1485 1655 (I
1516 1591 1786 1647 Calz‘xtns2
1798 1601 2198 1718 p5p3.⁷⁷}ar²3⁷r‘
2250 1593 2435 1647 Lec‘lio

1857 1683 1917 1717 er
1942 1683 1997 1718 za
2024 1706 2034 1718 .

1435 1755 1792 1864 CAlixtus⁴
1832 1757 2089 1826 pontifex
2130 1758 2310 1827 patria
2350 1776 2437 1812 ro-

1566 1848 1764 1882 manus
1783 1831 1950 1899 vsque
1977 1832 2048 1882 ad
2077 1830 2268 1884 Seueri
2294 1839 2434 1884 tem-

1431 1920 1568 1972 pora
1617 1904 1882 1971 peruenit.
1986 1903 2097 1955 Hic
2155 1903 2434 1962 ieiunium,

1433 1975 1584 2043 quod
1626 1983 1710 2027 ter
1751 1976 1806 2027 in
1848 1992 1997 2028 anno
2041 1975 2438 2039 celebrabatur,

1434 2065 1533 2116 per
1566 2055 1831 2115 quattuor
1856 2055 2109 2115 tempora
2139 2065 2150 2101 ε
2178 2056 2238 2100 vt
2268 2048 2438 2111 fieret,

1436 2121 1695 2174 decreuit.
1775 2120 1855 2172 Vt
1906 2120 2038 2172 sicut
2089 2137 2265 2172 annus
2315 2137 2438 2189 per-

1436 2200 1700 2260 quattuor
1753 2192 1994 2244 voluitur
2051 2200 2320 2261 tempora,
2370 2193 2438 2246 fic

1438 2282 1538 2316 nos
1580 2271 1922 2332 quaternum.
1950 2264 2169 2316 solenne
2207 2281 2439 2332 agamus

1439 2337 1701 2389 ieiunium
1729 2354 1827 2404 per
1852 2345 2116 2404 quattuor
2141 2338 2271 2389 anni
2299 2345 2439 2389 tem·

1438 2427 1587 2478 pora.
1641 2409 1858 2477 Quibus
1884 2409 2227 2476 temporibus
2253 2409 2441 2477 postea

1439 2481 1747 2533 institutum
1775 2481 1866 2544 est,
1891 2488 1951 2533 vt
1979 2481 2134 2534 fieret
2166 2481 2440 2534 sacrorum

1438 2554 1695 2605 ordinum
1748 2554 1986 2606 initiatio
2040 2571 2051 2606 :
2101 2571 2228 2621 quae
2275 2561 2441 2605 antea

1442 2626 1738 2677 Decembri
1778 2626 2060 2678 duntaxat
2099 2625 2282 2678 mense
2324 2625 2440 2678 fieri

1439 2698 1811 2750 consueuerat.
1882 2698 2277 2750 Coemeterium
2306 2715 2441 2766 quo-

1439 2787 1548 2837 que
1585 2771 1656 2821 de
1692 2770 1785 2821 suo
1821 2771 2045 2821 nomine
2079 2771 2328 2823 condidit
2353 2770 2444 2823 via

1438 2843 1645 2909 Appia,
1696 2842 1752 2893 in
1813 2842 1935 2893 loco
1990 2842 2081 2894 vbi
2140 2842 2441 2895 multorum

1441 2923 1746 2981 martyrum
1783 2915 1991 2966 cineres
2026 2922 2192 2966 antea
2226 2914 2443 2983 repositi

1441 2986 1671 3038 fuerant.
1750 2986 2029 3038 Postremo
2060 2987 2153 3038 vbi
2191 3004 2263 3038 ex
2300 2988 2445 3039 ordi-

1442 3058 1761 3110 nationibus
1780 3058 1962 3110 mense
1980 3059 2276 3110 Decembri
2290 3059 2447 3127 quin-

1444 3131 1602 3198 quies
1657 3130 1874 3192 habitis,
1919 3130 2273 3198 presbyteros
2317 3130 2447 3198 ‚xvj.

1445 3204 1708 3254 diaconos
1744 3203 1849 3270 ,iiij.
1883 3202 2166 3270 episcopos
2192 3203 2304 3270 viij.
2333 3220 2448 3255 cre-
2522 3246 2525 3250 .
2551 3232 2558 3267 ·.

1447 3275 1594 3336 asset,
1626 3276 1891 3343 martyrio
1925 3283 2221 3326 coronatus
2256 3275 2347 3339 est,
2381 3291 2446 3326 ac
2540 3280 2597 3322 2

1448 3347 1691 3414 sepultus
1718 3348 1772 3397 in
1800 3349 2119 3399 coemeterio
2153 3347 2442 3415 Calopodij

1447 3420 1537 3472 via
1575 3419 1806 3471 Aurelia
1846 3419 1939 3485 .iij.
1980 3420 2051 3471 ab
2089 3420 2222 3471 vrbe
2262 3418 2448 3487 lapide
2548 3471 2549 3475 ,
2592 3471 2595 3477 „

1449 3491 1625 3559 pridie
1646 3492 1768 3543 idus
1791 3489 2064 3545 Οὸὶοῑπίε,
2088 3508 2213 3543 cum
2237 3490 2448 3544 sedisset

1449 3580 1627 3616 annos
1654 3563 1738 3630 ‚vj.
1769 3563 1978 3615 menses
2006 3580 2060 3617 X.
2088 3564 2206 3615 dies
2232 3581 2302 3616 .Χ.

1534 3731 1551 3759 ³
1582 3732 1658 3775 die
1686 3744 1736 3786 14
1758 3733 1809 3775 z'n
1833 3747 1891 3777 m.

1535 3790 1552 3817 ‘¹
1586 3791 1796 3835 Callistus
1821 3806 1831 3835 z
1857 3793 1910 3835 R.
1937 3792 1984 3834 P.
2010 3792 2064 3835 A.
