2606 4126
350 282 369 320 1
384 281 451 334 30
1275 277 1367 316 MA
1374 276 1492 317 [σε.

344 380 472 432 tulit
521 378 714 446 nequis
765 369 1027 445 deinceps
1078 372 1343 441 supplicio
1431 370 1578 422 beati
1617 369 1843 422 Ioannis
1881 367 2110 436 apostoli
2143 367 2232 419 tui
2267 367 2433 419 inter-

346 452 521 504 crucis
565 451 889 504 afficeretur.

968 431 1057 499 Ista
1095 463 1181 497 res
1219 461 1345 511 quae
1432 443 1588 494 cessio
1614 441 1851 511 gloriosa
1885 458 1987 493 nos
2013 446 2270 509 protegat
2300 455 2313 492 ι
2338 454 2437 507 per

347 533 513 577 antea
551 522 876 575 mortalibus
921 519 1124 588 probro
1169 517 1348 569 fuerat
1433 523 1533 567 etc.

347 596 690 649 venerationi
716 594 820 647 esse
847 592 1032 660 coepit.

446 740 503 798 (I
531 735 853 788 Alexander
862 741 1008 800 papa
1035 738 1262 797 martyr.

656 807 836 859 Lec‘Zz'o
864 802 1062 858 tertz'a¹.
1184 825 1194 839 ⁶

353 915 732 1021 Asaexander
758 912 938 980 patria
958 926 1234 971 romanu3,
1258 906 1351 974 qui

490 986 702 1040 adriani
731 983 1076 1052 imperatoris
1103 989 1353 1047 tempore

355 1060 742 1129 pontificatum
761 1057 926 1124 gesfit,
950 1056 1004 1106 in
1028 1053 1352 1105 memoriam

356 1133 612 1201 pasfionis
650 1129 846 1182 Christi
884 1129 938 1178 in
971 1125 1228 1177 sacrificio
1257 1124 1354 1175 ad-

358 1205 514 1256 didit.
593 1202 703 1270 Qui
740 1201 916 1268 pridie
942 1215 1110 1266 quam
1139 1204 1355 1265 patere-

358 1285 462 1340 tur,
486 1276 652 1343 vsque
679 1274 749 1326 ad
778 1273 933 1324 illum
962 1271 1159 1322 locum.
1227 1269 1354 1319 Hoc

358 1349 436 1400 est
480 1364 678 1414 corpus
719 1361 919 1396 meum.
997 1343 1155 1394 Idem
1210 1340 1355 1391 insti-

359 1421 483 1482 tuit,
509 1428 568 1472 vt
595 1435 739 1486 aqua
774 1412 1067 1468 benedicta
1099 1413 1355 1465 admixto

360 1493 469 1544 sale
514 1493 568 1542 in
611 1490 834 1557 templis
880 1496 935 1539 et
977 1485 1241 1538 cubiculis
1284 1484 1354 1535 ad

360 1565 637 1632 fugandos
688 1563 973 1613 daemones
1017 1560 1354 1610 retineretur.

360 1638 552 1704 thue
573 1636 628 1686 in
650 1633 1058 1687 consecratione
1079 1629 1356 1697 sanguinis

361 1717 415 1761 et
454 1708 697 1775 corporis
738 1705 935 1758 Christi
980 1704 1172 1756 vinum
1212 1719 1357 1769 aqua

362 1781 691 1842 misceretur,
781 1779 852 1829 ad
941 1775 1355 1843 significandam

363 1853 558 1905 Christi
577 1859 631 1904 et
641 1851 875 1903 ecclefiae
896 1845 1360 1900 coniunctionem.

364 1925 632 1992 Panisque
668 1925 877 1975 azimus
914 1938 1025 1972 non
1062 1921 1361 1971 fermenta-

362 2006 452 2050 tus
491 1996 908 2048 consecraretur.
988 1994 1130 2046 Cum
1171 1999 1358 2043 autern

361 2069 805 2121 ordinationibus
823 2075 906 2118 ter
922 2065 1105 2117 mense
1126 2066 1362 2115 Decem·

361 2143 444 2194 bri
483 2141 704 2202 habitis,
752 2140 1104 2207 presbyteros
1144 2154 1207 2189 .v.
1246 2137 1364 2188 dia-

362 2232 533 2265 conos
561 2214 646 2280 .iij.
676 2212 963 2280 episcopos
996 2211 1241 2277 quinque
1267 2225 1365 2275 per

362 2286 577 2338 diuersa
629 2286 749 2336 loca
802 2283 1043 2346 creasset,
1096 2282 1364 2348 martyrio

361 2366 656 2410 coronatus
685 2373 811 2408 cum
834 2355 1078 2407 Euentio
1103 2361 1159 2405 et
1179 2354 1362 2405 Theo-

363 2433 501 2483 doro
544 2430 793 2482 diaconis
847 2429 937 2479 via
991 2428 1366 2488 Nomentana,

363 2505 457 2555 vbi
495 2499 818 2554 interfectus
855 2500 956 2551 fuit
994 2499 1099 2566 .v1j.
1135 2498 1206 2550 ab
1232 2498 1365 2549 vrbe

366 2573 648 2626 milliario²
723 2572 979 2640 sepelitur
1053 2589 1114 2623 .v.
1192 2587 1367 2620 nonas

365 2647 518 2714 Maij.
597 2646 756 2699 Sedit
819 2652 1005 2695 autem
1068 2659 1244 2693 annos
1296 2660 1366 2693 .x.

365 2719 578 2772 menses
606 2717 709 2785 .vij.
737 2717 854 2768 dies
883 2717 1037 2768 duos‚

365 2889 421 2947 {I
462 2885 690 2937 Ioannes
725 2892 848 2936 ante
871 2891 1092 2950 portam
1137 2882 1369 2934 latinam

436 2958 631 3025 duplex
652 2957 846 3009 minus.
921 2956 1024 3006 Ad
1051 2955 1287 3022 vesperas
1322 2962 1373 3006 et

438 3030 784 3082 matutinum.
860 3029 1118 3094 Hymnus
1178 3035 1230 3079 et
1290 3026 1371 3077 in-

438 3102 760 3154 uz'talorz'um
811 3101 877 3152 de
919 3099 1191 3152 communi
1227 3098 1371 3166 apost

439 3175 680 3226 telorum.

769 3300 973 3354 Oratz‘O.

375 3400 613 3504 DEus,
638 3400 749 3482 ‘qui
790 3399 1070 3467 conspicis
1103 3400 1233 3467 quia
1273 3417 1374 3450 nos

518 3474 759 3539 vndrque
782 3472 929 3523 mala
956 3472 1137 3523 nostra
1163 3480 1374 3539 pertur-

366 3545 531 3596 bant:
596 3544 790 3611 praesta
853 3544 1165 3611 quaesumus
1237 3564 1247 3596 ε
1317 3552 1374 3595 vt

458 3713 470 3739 ¹
505 3712 580 3756 die
602 3724 656 3765 ,4.
681 3714 731 3755 in
755 3727 817 3755 m.

457 3772 473 3798 2
506 3771 704 3814 millario
733 3787 740 3815 :
770 3773 815 3813 P.

1722 624 1906 678 Lec‘Zio
1943 623 2105 676 tertia
2111 620 2140 675 ³.

1445 727 1730 830 IOannes
1757 722 2032 792 apostolus
2067 718 2439 773 dileGHsiimus

1542 797 1770 859 Christo,
1807 796 1927 863 post
1978 794 2140 862 ipslus
2184 790 2441 845 ascensio·

1438 888 1566 922 nem
1608 870 1857 921 maximo
1896 868 2089 927 studio,
2119 863 2440 932 magnisque

1439 942 1716 995 miraculis
1767 940 2116 992 christianam
2172 939 2438 1005 pietatem

1439 1014 1783 1083 propagauit.
1910 1012 2092 1063 Huius
2162 1010 2310 1061 enim
2387 1016 2443 1062 et

1442 1088 1587 1139 Petri
1616 1085 2008 1154 praedicatione
2035 1081 2155 1150 post
2180 1082 2442 1133 claudum

1441 1160 1690 1211 sanatum
1709 1158 1778 1209 ad
1798 1164 2015 1224 portam
2038 1154 2231 1221 templi
2255 1153 2444 1221 Speci-

1440 1232 1590 1283 osam
1618 1229 1971 1297 appellatam,
2000 1227 2244 1295 quinque
2270 1225 2444 1277 millia

1440 1304 1729 1355 hominum
1764 1318 1874 1354 vno
1909 1300 1998 1352 die
2036 1297 2296 1351 conuersa
2323 1298 2444 1349 sunt

1442 1376 1514 1427 ad
1566 1375 1748 1426 fidem.
1827 1369 2123 1439 Idemque⁴
2162 1371 2275 1422 duo
2325 1369 2446 1438 post

1443 1447 1714 1514 Stephani
1766 1445 2091 1511 martyrium
2141 1443 2198 1494 in
2251 1441 2447 1495 Sama-

1442 1521 1594 1580 riam,
1638 1535 1764 1585 quae
1807 1517 2064 1584 Philippo
2107 1515 2447 1583 praedicante

1442 1591 1778 1659 baptismum
1834 1595 2134 1657 acceperat,
2184 1603 2447 1654 peruene-

1443 1672 1584 1727 runt,
1624 1662 1970 1728 eandemque
2009 1662 2063 1711 in
2107 1659 2214 1711 fide
2253 1658 2448 1711 confir-

1444 1743 1679 1798 marunt,
1726 1743 1781 1787 et
1825 1751 1923 1802 per
1967 1733 2204 1800 ipsorum
2251 1748 2447 1783 manus

1444 1808 1846 1876 impofitionem
1885 1806 2122 1874 Spiritus
2150 1801 2366 1855 sanfflms
2393 1803 2449 1855 in

1444 1882 1854 1949 baptizatorum
1926 1879 2092 1929 corda
2155 1875 2450 1928 descendit.

1448 1954 1513 2006 In
1566 1953 1830 2005 diuisione
1874 1958 2061 2002 autem
2102 1949 2250 2000 orbis
2290 1956 2451 2000 terrae

1449 2026 1646 2077 Ioanni
1709 2024 1912 2091 obtigit
1966 2022 2099 2074 Asia
2147 2020 2450 2089 prouincia.

1449 2099 1618 2152 Cuius
1678 2096 1926 2149 ecclesias
1991 2111 2116 2146 cum
2175 2092 2451 2160 sapientis-

1446 2171 1576 2222 s1me
1628 2169 1660 2222 a
1711 2169 1763 2221 se
1813 2168 2073 2220 fundatas
2131 2163 2452 2217 san6tiffime

1448 2245 1841 2302 moderaretur,
1868 2248 2063 2307 captus
2095 2238 2198 2290 fuit
2237 2238 2292 2289 in
2331 2254 2452 2305 per-

1449 2316 1726 2367 secutione
1803 2312 2111 2365 Domitiani
2190 2311 2245 2362 in
2320 2309 2453 2362 vrbe

1450 2388 1683 2455 EphesO.
1758 2386 1925 2438 Vnde
1966 2385 2207 2435 Romam
2247 2382 2452 2434 adduc-

1448 2469 1538 2514 tus
1566 2477 1691 2511 cum
1720 2477 1752 2510 a
1782 2457 1976 2511 Christi
2004 2456 2112 2507 fide
2138 2454 2312 2507 auerti
2341 2470 2451 2505 non

1449 2533 1639 2601 posset,
1679 2532 1733 2582 in
1775 2531 1972 2582 eadem
2011 2529 2144 2580 vrbe
2184 2543 2340 2579 roma
2372 2525 2454 2594 (vt

1451 2604 1828 2657 Tertullianus
1870 2602 1947 2653 est
1991 2599 2211 2668 author)
2258 2600 2312 2650 in
2356 2599 2455 2650 do-

1450 2678 1585 2729 lium
1612 2675 1873 2728 feruentis
1909 2673 2014 2725 olei
2049 2671 2326 2724 demersus
2364 2670 2456 2723 est.

1454 2750 1566 2803 Sed
1593 2765 1719 2800 cum
1748 2746 2038 2799 incolumis
2059 2746 2188 2796 inde
2213 2743 2457 2795 euafisset

1452 2822 1727 2889 relegatus
1778 2819 1854 2870 est
1905 2819 1959 2869 in
2016 2817 2311 2868 Pathmum
2376 2815 2458 2866 in-

1453 2894 1639 2954 sulam,
1666 2892 1757 2944 vbi
1785 2889 2161 2958 Apocalipfim
2189 2887 2458 2955 conscrip-

1453 2967 1528 3019 fit.
1583 2964 1706 3016 Post
1728 2972 1962 3015 mortem
1983 2979 2113 3014 vero
2133 2959 2457 3022 Domitiani,

1455 3038 1608 3091 cuius
1629 3035 1753 3088 acta
1774 3036 1960 3087 omnia
1983 3034 2202 3085 fuerunt
2219 3031 2251 3084 ἐι
2268 3033 2456 3084 senatu

1458 3110 1659 3171 rescisa,
1699 3107 1979 3176 Ephesum
2023 3105 2279 3167 reuersuS,
2313 3105 2458 3156 Dru-

1457 3184 1660 3234 fianam
1689 3197 1908 3247 magnae
1936 3179 1989 3230 in
2030 3178 2304 3231 Christum
2344 3177 2457 3244 pie-

1456 3256 1587 3307 tatis
1639 3254 1926 3305 foeminam
1973 3251 2140 3319 paulo
2190 3257 2321 3302 ante
2364 3249 2458 3301 de-

1458 3324 1721 3387 funcfftam,
1772 3322 2053 3392 spe&ante
2115 3321 2324 3391 populo
2385 3321 2458 3372 ad

1458 3401 1631 3451 vitam
1653 3398 1843 3450 diuina
1863 3413 1969 3463 ope
1990 3395 2284 3447 reuocauit.
2330 3392 2459 3461 Quo

1458 3470 1722 3523 miraculo
1768 3468 1928 3520 multi
1973 3468 2095 3519 sunt
2140 3467 2210 3519 ad
2264 3464 2459 3519 Christi

1460 3544 1626 3595 fidem
1655 3540 1913 3594 conuerfi.

1547 3713 1563 3738 3
1596 3713 1671 3755 dic
1695 3712 1747 3755 .6.
1774 3713 1825 3755 in
1850 3727 1907 3754 m.

1548 3771 1564 3798 4
1600 3771 1841 3828 Iidemque
1871 3786 1880 3813 :
1906 3773 1952 3813 P.

2586 1070 2606 1200 l

2594 1201 2606 1547 ᾗ

2595 2502 2603 2509 ι
2584 2030 2606 2460 «ε-’ἰςψῄηιῑξξεηηιῡνπςῃ-
2591 1933 2606 2021 «αα-ι
