2522 4114
162 255 191 304 8
827 269 1019 309 FERJA
1061 266 1168 322 ‚JJJ.
1205 268 1298 311 AD
1332 267 1410 308 LA
1423 268 1599 310 UDES.

162 366 230 416 fic
269 364 522 417 clamabo
562 383 572 417 :
615 363 939 427 meditabor,
976 371 1036 416 vt
1076 381 1165 415 co-

163 438 364 490 lumba.

235 509 530 561 Attenuati
557 508 680 561 sunt
705 508 850 560 oculi
874 508 982 560 mei
1004 506 1166 575 suspi-

162 581 370 634 cientes
397 582 451 632 in
480 581 770 633 excelsum.

236 653 495 717 Domine,
521 653 634 705 vim
670 653 864 721 patior,
898 651 1166 719 responde

165 743 264 793 pro
287 743 375 777 me
402 744 412 776 ε
440 726 572 793 quid
595 725 792 789 dicam,
806 731 902 776 aut
928 724 1061 791 quid
1085 741 1166 774 re-

165 797 456 866 spondebit
482 797 631 859 mihi,
654 814 780 849 cum
808 796 919 864 ipse
946 795 1166 848 fecerit?

239 870 585 938 Recogitabo
619 869 720 921 tibi
759 886 952 920 omnes
991 885 1167 919 annos

166 958 320 994 meos
338 942 393 993 in
411 942 781 994 amaritudine
797 941 999 992 animae
1013 957 1167 991 meae.

237 1014 495 1076 Domine,
521 1014 557 1065 fi
584 1014 653 1065 fic
677 1014 894 1076 viuitur‚
921 1020 977 1065 et
1003 1013 1058 1062 in
1086 1020 1167 1063 ta*-

163 1087 306 1138 libus
330 1087 446 1139 vita
473 1086 688 1153 spiritus
722 1087 829 1137 mei
865 1105 875 1137 :
911 1084 1170 1151 corripies

165 1176 268 1220 me,
306 1165 363 1210 et
400 1158 706 1210 viuificabis
757 1175 858 1210 me.
935 1174 1062 1208 ecce
1114 1156 1169 1206 in

163 1248 300 1298 pace
326 1231 637 1282 amaritudo
670 1247 794 1281 mea
829 1229 1168 1281 amariffima.

235 1303 322 1354 Tu
351 1310 538 1354 autem
565 1302 744 1354 eruisti
776 1302 1019 1352 animam
1057 1318 1171 1351 me-

165 1392 272 1435 am,
316 1382 377 1426 vt
427 1392 540 1426 non
591 1375 793 1442 periret
838 1393 849 1425 ι
900 1372 1169 1442 proiecisti

164 1446 283 1514 post
332 1455 549 1513 tergum
601 1455 758 1499 tuum
810 1447 1000 1497 omnia
1044 1462 1170 1512 pec-

163 1526 288 1571 cata
327 1536 463 1570 mea.

237 1590 385 1658 Quia
411 1608 521 1642 non
550 1589 794 1642 infernus
818 1589 1171 1641 confitebitur

163 1663 279 1725 tibi,
299 1681 478 1730 neque
499 1680 646 1714 mors
674 1662 923 1714 laudabit
943 1669 999 1713 te
1023 1681 1033 1714 ε
1057 1679 1168 1713 non

162 1734 559 1803 expectabunt,
595 1735 690 1802 qui
730 1735 1070 1787 descendunt
1112 1735 1167 1785 in

163 1808 359 1871 lacum,
384 1808 673 1859 veritatem
701 1814 871 1859 tuam.

235 1881 449 1932 Viuens
467 1880 660 1932 viuens
682 1879 793 1947 ipse
819 1877 1171 1931 confitebitur

162 1953 262 2004 tibi
303 1972 314 2004 z
353 1953 485 2004 ficut
524 1960 579 2004 et
614 1969 719 2019 ego
754 1951 919 2003 hodie
961 1969 974 2004 ε
1012 1959 1172 2019 pater

161 2025 253 2092 filij
261 2044 286 2076 s
306 2032 496 2076 notam
514 2024 677 2076 faciet
693 2025 982 2076 veritatem
1000 2032 1169 2076 tuam.

237 2098 479 2149 Domine
525 2097 735 2148 saluum
782 2114 872 2148 me
916 2097 1003 2148 fac
1050 2113 1062 2148 ε
1114 2104 1170 2148 et

162 2170 399 2237 psalmos
418 2169 627 2222 nostros
643 2170 992 2221 cantabimus
1010 2186 1172 2220 cunc-

162 2244 233 2294 tis
275 2243 470 2294 diebus
513 2243 643 2294 vitae
676 2241 873 2294 nostrae
908 2243 963 2293 in
1001 2243 1171 2294 domo

164 2315 386 2367 domini.

273 2401 485 2454 Deinde
510 2398 861 2454 Benedictus,
874 2400 960 2468 fo,
991 2398 1059 2466 5¹.

224 2526 280 2584 Π
309 2521 412 2573 Ad
417 2522 681 2589 primam.
759 2520 1020 2587 Psalmus
1045 2531 1108 2586 .5.

186 2637 308 2713 ἎῘΩ
335 2646 486 2698 Erba
525 2662 650 2696 mea
685 2645 908 2696 auribus
947 2644 1171 2710 percipe

374 2718 592 2771 ...scuto
647 2718 811 2769 bonae
866 2716 1170 2769 voluntatis

163 2799 275 2844 tuae
302 2790 572 2843 coronasti
600 2807 714 2843 nos,

470 2908 731 2976 Psalmus
755 2909 854 2962 ,16.

279 3004 466 3056 Xaudi
513 3003 741 3055 domine
769 3002 1027 3054 iustitiam
1056 3017 1174 3053 me-

314 3095 404 3128 am
423 3075 735 3128 ...satiabor
799 3092 926 3127 cum
998 3091 1171 3142 appa-

163 3151 328 3202 ruerit
354 3149 530 3217 gloria
557 3156 666 3200 tua.

477 3277 734 3344 Psalmzcs
759 3289 805 3328 ,2
814 3285 856 3341 5.

176 3378 411 3482 IVdica
468 3394 559 3428 me
614 3376 855 3438 domine,
907 3375 1172 3442 quoniam

268 3468 372 3519 ego
399 3451 453 3502 in
477 3449 793 3501 innocentia
819 3465 945 3499 mea
972 3447 1170 3515 ingres-

164 3524 250 3575 sus
285 3523 533 3574 sum...in
573 3521 808 3587 ecclefijs
845 3520 1170 3572 benedicam

164 3605 219 3649 te
246 3595 485 3649 domine.

402 3666 611 3719 Deinde
639 3666 821 3719 Credo
847 3673 933 3718 etc.

676 3785 691 3813 1
724 3785 833 3828 vide
855 3799 897 3840 p.
925 3797 961 3828 2.

1303 367 1358 424 {I
1388 364 1492 416 Ad
1511 364 1744 416 tertiam.
1818 362 2077 430 Pfizlmus
2102 375 2202 414 .20.

1275 474 1289 502 '⁷‘
1319 483 1349 544 ,ἓξ
1370 474 1395 499 ’ἶ
1422 485 1626 538 Omine
1661 485 1715 536 in
1742 485 1946 536 virtute
1979 491 2076 535 tua
2102 483 2259 534 laeta-

1292 630 1303 640 ·
1370 577 1393 595 2»
1456 558 1605 609 bitur
1666 564 1899 610 reX...et
1960 555 2257 625 psallemus

1251 638 1482 683 vlrtutes
1508 638 1647 682 tuaS.

1563 754 1823 822 Psalmus
1846 754 1946 807 .28.

1254 854 1549 959 AFferte·
1601 854 1831 906 domino
1894 851 2010 935 ,filij
2093 850 2252 903 dei...

1398 929 1658 979 dommus
1709 925 2000 978 benedicet
2049 922 2258 992 populo

1251 998 1346 1051 suo
1373 1000 1428 1051 in
1455 1017 1607 1067 pace.

1567 1119 1827 1187 Psalmus
1853 1159 1862 1170 .
1870 1132 1898 1185 3
1912 1133 1951 1171 Ι.

1266 1213 1505 1318 BEati,
1554 1230 1793 1280 quorum
1847 1210 2076 1264 remiffae
2135 1209 2259 1261 sunt

1404 1287 1724 1353 iniquitates
1737 1325 1748 1337 .
1762 1325 1773 1337 .
1786 1325 1797 1337 .
1811 1291 1867 1337 et
1946 1282 2260 1352 gloriamini

1254 1375 1449 1411 omnes
1487 1358 1620 1411 recti
1659 1358 1839 1410 corde.

1310 1501 1367 1559 (I
1395 1497 1498 1549 Ad
1503 1497 1732 1564 fhxtam.
1806 1495 2067 1563 Psalmus
2092 1538 2101 1547 .
2111 1505 2190 1562 52.

1282 1619 1291 1686 g
1322 1606 1398 1675 ,⁸³
1429 1611 1546 1663 Ixit
1585 1610 1841 1678 insipiens
1875 1611 1931 1661 in
1970 1610 2136 1662 corde
2168 1609 2262 1660 suo

1281 1693 1294 1712 'v
1351 1695 1397 1725 w
1455 1683 1814 1735 ...exultabit
1834 1683 2009 1747 iacob,
2032 1682 2263 1735 etlaeta-

1255 1756 1405 1807 bitur
1430 1756 1598 1808 israel.

1569 1891 1829 1960 Psalmus
1856 1902 1901 1958 ‚7
1913 1905 1954 1944 1.

1259 2002 1476 2106 DEus
1522 2002 1785 2055 iudicium
1829 2008 1988 2054 tuum
2034 1999 2149 2068 regi
2188 1998 2279 2051 da-

1399 2076 1766 2144 ...replebitur
1812 2073 2096 2126 maiestate
2145 2073 2263 2125 eius

1257 2149 1438 2201 omnis
1465 2156 1625 2212 terra,
1651 2147 1747 2200 fiat
1774 2146 1884 2200 fiat.

1548 2269 1811 2336 Psalmus
1835 2311 1846 2322 .
1858 2283 1877 2320 1
1889 2281 1970 2321 20.

1332 2377 1515 2430 Euaui
1559 2377 1750 2429 oculos
1795 2393 1948 2428 meos
1999 2375 2054 2427 in
2106 2391 2264 2427 mon·

1391 2458 1624 2502 teS...ex
1662 2450 1770 2502 hoc
1807 2465 1967 2513 nunc,
2003 2456 2061 2501 et
2097 2448 2263 2517 vsque

1255 2522 1311 2573 in
1339 2522 1594 2575 seculum.

1309 2654 1365 2710 ΕΙ
1394 2651 1498 2703 Ad
1517 2669 1731 2704 nonam.
1808 2650 2068 2718 Psalmus
2092 2647 2210 2718 .89².

1279 2755 1293 2781 '²
1426 2764 1644 2825 Omine,
1680 2763 1953 2831 refugium
1989 2762 2167 2815 factus
2203 2780 2263 2815 es

1279 2845 1291 2870 ⁸
1371 2859 1397 2878 s-
1461 2837 1752 2888 nobiS...et
1803 2853 1944 2904 opus
1995 2852 2260 2888 manuum

1257 2911 1561 2963 nostrarum
1589 2909 1777 2976 dirige.

1563 3031 1823 3098 Psalmus
1848 3030 1948 3098 96.

1257 3139 1599 3243 DOminus
1626 3138 1894 3205 regnauit,
1912 3136 2129 3189 exultet
2155 3143 2262 3189 ter-

1384 3229 1444 3263 ra
1552 3210 1895 3262 confitemini
1980 3210 2261 3262 memoriae

1257 3283 1704 3337 sanctificationis
1731 3284 1861 3335 eiuS.

1547 3411 1807 3477 Psalmus
1833 3424 1874 3462 ,Ι
1886 3412 1969 3462 26.

1384 3518 1450 3571 Ifi
1552 3517 1811 3570 dominus
1902 3515 2262 3568 aedificauerit

1416 3592 1832 3643 domum...non
1879 3588 2261 3650 confundetur,

1257 3661 2258 3731 cumloqueturinimicissuisinporta.

1469 3782 1485 3809 2
1517 3783 1677 3828 .xxxix.
1707 3784 1753 3825 P.
