2522 4114
1056 231 1256 282 xxxvfi

525 565 527 567 ’
608 579 862 634 MAIVS
918 580 1189 632 HABET
1242 581 1425 634 DiEs
1478 582 1696 634 XXXI.

163 787 208 832 A
214 800 259 831 u.
292 800 369 831 nu.
459 785 586 830 Dies.
875 786 1020 842 Festa,
1043 792 1087 830 et
1104 787 1212 830 alioe
1240 788 1284 830 T
1277 788 1403 830 erlioe
1425 788 1644 831 lec‘Ziones.
1941 790 2032 846 sol.
2072 788 2168 848 [p]

175 873 234 916 xi
300 873 330 915 b
427 871 644 915 Calendis
730 883 746 914 1
782 870 1048 928 Philippus,
1069 877 1114 915 et
1132 872 1322 914 Iacobus
1342 872 1534 928 apostoli
1550 873 1725 928 duplex
1742 874 1907 917 maius.
1959 885 2042 930 590
2062 873 2185 932 [126]

304 957 330 986 c
458 943 522 986 vi.
547 956 605 986 no
722 954 747 985 2
779 943 1056 986 Athanafius
1078 943 1316 999 episcopus
1339 944 1571 986 confessor.
1959 956 2035 1000 591
2057 944 2186 1002 [127]

156 1015 246 1058 xix
301 1014 333 1058 d
454 1028 498 1057 v.
520 1027 591 1057 ne.
654 1019 659 1022 '
723 1025 750 1068 3
779 1012 1181 1069 Inuentiosanc‘loe
1202 1014 1352 1057 crucis
1371 1013 1546 1070 duplex
1565 1016 1728 1058 maius.
1957 1027 2037 1070 592
2062 1013 2185 1073 [128]

157 1086 252 1129 viii
305 1098 331 1128 e
449 1085 531 1127 iiii
546 1098 616 1127 no.
722 1095 750 1138 4
779 1084 1043 1128 Alexander
1063 1099 1186 1142 papa
1206 1092 1391 1141 martyr.
1957 1098 2040 1142 593
2062 1085 2100 1143 [Ι
2111 1086 2185 1144 30]

302 1156 326 1200 f
457 1157 520 1200 iii
536 1170 606 1199 no.
728 1167 749 1212 5
786 1158 858 1200 Ex
878 1157 1067 1212 epistola
1088 1156 1147 1212 .ij.
1170 1157 1232 1200 ad
1253 1158 1565 1202 Timotheum.
1628 1159 1799 1202 Paulus

1669 1231 1909 1287 apostolus.
1960 1241 2037 1286 175
2091 1229 2184 1288 [38]

154 1299 245 1343 xvi
298 1313 330 1355 g
395 1298 555 1357 pn'die
574 1313 645 1344 no,
721 1299 750 1343 6
778 1300 979 1343 Ioannes
999 1305 1106 1343 ante
1116 1303 1308 1357 portam
1328 1302 1553 1344 Latinam
1574 1302 1751 1358 duplex
1764 1303 1933 1346 minus.
1958 1314 2040 1358 593
2063 1300 2185 1359 [130]

190 1385 224 1416 v
300 1370 317 1399 ¹
432 1372 588 1415 Nonis
724 1382 748 1425 7
782 1373 854 1414 Ex
874 1372 1061 1429 epistola
1082 1372 1140 1428 .ij.
1164 1373 1224 1416 ad
1246 1373 1560 1417 Timotheum.
1603 1375 1674 1417 Tu
1697 1388 1806 1431 ergo
1828 1375 1906 1418 fili.
1960 1376 2040 1429 176
2090 1374 2184 1432 [38]

296 1443 328 1486 b
420 1443 521 1486 viii.
543 1444 605 1486 id.
726 1443 752 1486 8
784 1438 856 1486 Ex
876 1443 1065 1499 epistola
1086 1443 1144 1499 .ij.
1168 1445 1229 1487 ad
1249 1445 1559 1488 Timotheum.
1615 1446 1745 1489 Hoc²
1764 1454 1932 1491 autem.
1962 1447 2040 1500 178
2091 1445 2185 1504 [38]

164 1515 259 1559 xiii
295 1529 321 1559 c
438 1515 514 1558 vii
529 1507 613 1559 Μ(
721 1527 748 1570 9
780 1516 852 1558 Ex
873 1516 1060 1571 epistola
1080 1515 1140 1571 .ij.
1164 1517 1225 1559 ad
1246 1517 1557 1560 Timotheum.
1619 1517 1865 1561 Testificor.
1961 1528 2040 1573 179
2090 1515 2185 1574 [38]

189 1587 233 1631 ii
291 1587 323 1631 d
439 1589 502 1630 vi.
520 1588 582 1630 id.
699 1599 751 1630 10
783 1588 854 1630 Ex
875 1586 1062 1643 epistola
1083 1588 1143 1630 ad
1165 1588 1336 1630 Titum.
1402 1588 1570 1631 Paulus
1591 1588 1758 1632 seruus.
1960 1589 2042 1631 180
2091 1587 2186 1645 [38]

294 1671 321 1702 e
451 1673 484 1701 v
503 1659 565 1702 id.
696 1670 712 1701 1
727 1671 742 1700 1
780 1659 851 1701 Ex
872 1658 1060 1714 epistola
1081 1659 1141 1702 ad
1163 1660 1334 1702 Titum.
1397 1660 1468 1701 Tu
1491 1667 1658 1703 autem.
1959 1660 2035 1703 181
2089 1658 2184 1716 [38]

184 1743 222 1773 x
295 1729 320 1773 f
425 1730 505 1773 iiii
523 1730 583 1774 Μ.
699 1742 748 1772 12
782 1731 854 1772 Ex
874 1730 1061 1785 epistola
1082 1729 1142 1773 ad
1164 1730 1336 1773 Titum.
1392 1730 1609 1774 Admone
1631 1729 1769 1773 illos-³.
1960 1731 2038 1773 182
2089 1729 2184 1787 [39]

288 1815 321 1857 g
440 1801 487 1844 iii
510 1801 571 1844 id.
696 1813 747 1856 13
780 1802 852 1844 Ex
873 1801 1061 1857 epistola
1082 1802 1123 1845 .i.
1150 1801 1352 1844 Ioannis.
1418 1801 1556 1857 Quod
1575 1801 1661 1845 fuit
1682 1802 1755 1844 ab.
1954 1802 2037 1859 238
2089 1800 2194 1857 [50]

135 1872 264 1916 xviii
286 1873 330 1915 A
408 1871 528 1929 p’die
549 1872 609 1916 id.
696 1884 749 1926 14
778 1870 954 1925 Vffitor,
976 1881 1020 1916 et
1044 1873 1229 1915 Corona
1250 1880 1490 1927 martyres.
1953 1882 2038 1926 593
2059 1870 2184 1929 [131]

176 1946 250 1988 vii
294 1945 326 1988 b
428 1945 591 1988 Idibus
703 1955 750 2000 15
785 1946 856 1987 Ex
879 1945 1066 2000 epistola
1087 1945 1129 1987 .i.
1156 1944 1358 1988 IoanniS.
1423 1943 1574 1987 Filioli
1595 1943 1698 1987 mei.
1954 1951 2039 2000 239
2089 1942 2184 2002 [51]

300 2030 326 2060 c
408 2017 519 2060 xvii
536 2017 631 2060 σιτί’
698 2018 749 2060 16
782 2018 852 2059 Ex
874 2016 1060 2072 epistola
1081 2015 1122 2059 .i.
1150 2016 1351 2059 Ioannis.
1417 2016 1567 2059 Filioli
1589 2016 1837 2059 nouisfima.
1954 2028 2033 2069 241
2089 2015 2183 2074 [51]

171 2103 242 2133 xv
299 2089 331 2133 d
416 2089 508 2132 xvi
524 2087 618 2132 σιτί’
703 2099 751 2142 17
787 2090 858 2131 Ex
879 2088 1065 2144 epistola
1087 2088 1127 2130 .i.
1155 2088 1357 2131 Ioannis.
1420 2088 1587 2131 Videte
1609 2089 1804 2144 qualem.
1954 2099 2037 2141 242
2089 2087 2184 2146 [51]

165 2161 244 2204 iiii
298 2175 324 2205 e
430 2174 500 2203 xv
520 2160 613 2203 σιτί’
702 2160 752 2203 18
786 2162 857 2202 Ex
877 2160 1066 2216 epistola
1087 2159 1127 2202 .i.
1156 2160 1357 2205 Ioannis.
1421 2158 1690 2202 Charisfimi.
1955 2170 2039 2212 244
2089 2157 2183 2217 [51]

300 2232 323 2275 f
407 2231 522 2274 xiiii
539 2231 633 2274 σιτί’
699 2243 750 2286 19
784 2231 1059 2274 Potentiana
1080 2231 1219 2286 virgo.
1955 2240 2040 2285 594
2060 2228 2183 2288 [131]

164 2305 242 2362 xij
294 2318 326 2360 g
411 2305 506 2347 xiii
522 2302 618 2347 σιτί’
697 2301 857 2346 204Ex
876 2303 1064 2358 epistola
1086 2303 1126 2346 .i.
1154 2303 1356 2346 Ioannis.
1422 2302 1612 2345 Omnis⁵
1628 2302 1718 2358 qui.
1954 2313 2035 2358 245
2089 2302 2184 2360 [52]

195 2376 218 2418 i
289 2376 334 2419 A
428 2376 503 2417 xii
520 2374 605 2417 cal'
693 2386 743 2417 21
781 2375 853 2416 Ex
874 2375 1063 2430 epistola
1085 2373 1142 2429 .ij.
1170 2374 1371 2417 Ioannis.
1437 2374 1602 2418 Senior
1622 2373 1795 2418 elee'tae.
1954 2385 2037 2428 247
2089 2373 2184 2432 [52]

296 2446 327 2489 b
440 2447 499 2488 xi
515 2445 601 2488 cal'
698 2458 752 2488 22
787 2446 858 2487 Ex
880 2445 1066 2501 epistola
1087 2445 1163 2488 .iii.
1190 2446 1390 2488 Ioannis.
1456 2446 1620 2489 Senior
1643 2445 1769 2490 Caio.
1953 2446 2037 2498 248
2089 2444 2183 2503 [52]

176 2517 230 2560 ix
298 2530 323 2560 c
443 2517 592 2560 xcal’
695 2528 751 2571 23
784 2517 857 2559 Ex
878 2517 1064 2572 epistola
1089 2517 1259 2561 Iacobi.
1324 2518 1521 2561 Iacobus
1543 2518 1628 2560 dei.
1954 2527 2040 2571 250
2088 2515 2183 2574 [52]

295 2587 327 2631 d
433 2589 489 2631 ix
504 2588 580 2631 cal
586 2586 597 2607 '
693 2600 750 2641 24
781 2590 852 2631 Ex
872 2588 1060 2644 epistola
1086 2589 1255 2632 Iacobi.
1320 2590 1475 2632 Estote
1497 2598 1664 2633 autem.
1953 2598 2031 2643 251
2088 2586 2182 2645 [52]

144 2660 259 2703 xvii
298 2674 324 2704 e
418 2661 510 2703 viii
526 2660 616 2703 σιτί’
696 2670 748 2716 25
782 2661 998 2704 Vrbanus
1020 2674 1142 2716 papa
1163 2668 1347 2716 martyr.
1954 2670 2039 2715 594
2059 2659 2182 2718 [131]

175 2731 252 2775 vi⁶
301 2732 323 2775 f
424 2734 499 2775 vii
515 2734 591 2776 cal
598 2734 609 2755 '
688 2734 745 2775 26
777 2735 849 2776 Ex
868 2732 1057 2788 epistola
1082 2733 1253 2776 Iacobi.
1317 2733 1590 2790 Quicunque
1611 2741 1780 2777 autem.
1953 2744 2037 2788 253
2088 2732 2182 2790 [53]

153 2827 159 2830 -
296 2816 327 2859 g
442 2805 498 2846 vi
513 2803 607 2847 σιτί’
693 2815 746 2857 27
782 2805 854 2846 Ex
873 2803 1061 2859 epistola
1086 2804 1259 2847 Iacobi.
1324 2805 1482 2848 Nolite
1502 2806 1668 2861 plures.
1953 2815 2038 2860 254
2088 2803 2130 2861 [5
2137 2803 2184 2862 3]

135 2874 249 2917 xiiii
287 2875 332 2918 A
454 2889 487 2917 v
505 2874 601 2918 σιτί’
691 2876 745 2918 28
778 2876 850 2918 Ex
870 2875 1058 2932 epistola
1083 2875 1253 2919 Iacobi.
1315 2877 1452 2919 Vnde
1474 2877 1607 2920 bella.
1953 2875 2038 2931 256
2088 2874 2183 2932 [53]

174 2947 234 2989 iii
296 2947 327 2990 b
426 2947 504 2989 iiii
520 2947 597 2990 cal
605 2948 616 2968 '
690 2959 747 3002 29
779 2947 851 2989 Ex
871 2947 1059 3003 epistola
1085 2948 1255 2991 Iacobi.
1319 2949 1457 3005 Agite
1478 2962 1614 2992 nunc.
1953 2958 2036 3003 257
2088 2946 2182 3004 [53]

301 3030 327 3061 c
441 3019 503 3073 iii
519 3017 608 3061 σιτί’
698 3030 754 3073 30
786 3019 913 3062 Felix
933 3033 1056 3075 papa
1077 3026 1271 3074 martyr.
1953 3030 2035 3075 594
2058 3018 2182 3077 [132]

175 3092 231 3133 xi
296 3090 327 3133 d
404 3090 528 3146 p'die
545 3091 622 3134 cal
630 3091 641 3111 '
694 3102 759 3144 31-
779 3091 850 3133 Ex
870 3090 1058 3146 epistola
1084 3092 1221 3135 Iudae.
1290 3092 1430 3135 Iudas
1457 3092 1554 3135 Iesu
1578 3091 1777 3135 Christi7.
1950 3103 2036 3147 493
2086 3090 2180 3149 [9ο]

388 3298 400 3320 ¹
421 3299 455 3332 A
477 3312 486 3333 t
508 3299 593 3332 add.
613 3299 656 3332 R.
678 3299 716 3331 P.
734 3299 776 3331 A.
986 3287 990 3291 ὁ
1087 3301 1101 3324 2
1125 3299 1195 3331 Hic
1220 3310 1227 3332 ε
1253 3300 1291 3332 Ρ.
1602 3300 1617 3323 ³
1638 3300 1716 3333 illos
1742 3311 1749 3333 ε
1773 3312 1841 3333 om.
1863 3301 1901 3333 P.

385 3357 399 3379 ⁴¹
422 3366 462 3387 ιο
484 3367 492 3388 :
517 3355 558 3387 P.
574 3357 646 3395 per
663 3365 830 3387 errorem.
1085 3357 1100 3378 ⁵
1123 3355 1191 3388 His
1217 3365 1224 3388 :
1249 3356 1293 3388 R.
1601 3355 1616 3378 ⁶
1638 3367 1662 3389 v
1686 3366 1695 3389 ι
1721 3357 1758 3389 Ρ.

501 3413 539 3446 (1
562 3411 708 3443 Gemini
726 3411 888 3444 calidum
908 3414 945 3444 et
964 3411 1169 3451 humidum,
1183 3411 1336 3452 signum
1359 3412 1512 3444 malum.

563 3465 697 3497 Venam
718 3476 788 3498 non
810 3465 946 3505 minuit,
971 3466 1138 3499 Geminos
1161 3477 1240 3498 cum
1264 3467 1363 3499 Luna
1385 3466 1528 3499 tenebit.

561 3520 740 3560 Dogmata
761 3527 844 3553 tunc
866 3520 983 3561 pueris
1006 3521 1083 3553 sunt
1104 3520 1286 3553 instilanda
1309 3521 1479 3554 modestis.

558 3577 720 3609 Vendere
743 3583 825 3609 tunc
849 3584 955 3616 tenta,
982 3588 1046 3610 nec
1068 3578 1183 3610 desere
1207 3578 1297 3609 letus
1319 3579 1482 3618 inempta.
1529 3577 1614 3611 add.
1633 3578 1670 3610 P.
