2606 4126
311 230 408 296 198

308 343 423 382 Deus
451 341 523 394 qui
548 355 624 382 nos
651 341 961 382 resurrectionis
980 341 1214 382 dominicae
1239 355 1309 382 an-

361 395 534 442 nua‚6o

307 450 424 489 Deus
451 450 523 502 qui
552 449 900 503 omnipotentiam
931 455 1045 489 tuam
1081 451 1306 502 parcendo,

307 558 424 597 Deus
442 557 513 610 qui
532 570 608 610 per
625 557 948 606 immaculatam,
978 568 1052 609 177

307 612 424 651 Deus
450 611 521 664 qui
547 612 706 663 populo
733 620 805 651 tuo
825 620 1016 651 aeternae
1045 611 1189 651 salutis
1213 611 1311 651 bea·

360 670 447 705 tum
469 665 753 727 Ambrosium,
781 665 854 714 176

307 718 423 759 Deus
467 719 540 772 qui
577 727 811 772 presentem
850 719 960 759 diem
1006 719 1310 765 honorabilem,

365 784 438 824 135

305 827 422 866 Deus
451 826 523 880 qui
556 827 699 867 salutis
729 833 921 867 aeternae
955 827 1102 867 beatae
1137 827 1310 874 Mariae,

362 893 436 922 102

307 934 423 974 Deus
443 935 512 987 qui
534 940 718 974 sanctam
739 940 854 975 tuam
873 936 1131 988 genitricem,
1159 945 1236 986 170

306 989 422 1028 Deus
454 989 525 1040 qui
556 989 805 1029 solennitate
838 990 1025 1043 paschali
1058 990 1216 1030 mundo
1250 1003 1310 1029 re-

358 1042 497 1082 media
516 1044 740 1088 contulisti,
763 1042 816 1085 60

306 1097 422 1136 Deus
441 1097 511 1149 qui
532 1097 774 1149 virginalem
795 1098 946 1143 aulam,
974 1112 1046 1148 ¹45

307 1152 422 1190 Deus
445 1150 516 1204 qui
544 1153 781 1191 universum
809 1153 1010 1191 mundum
1041 1151 1151 1192 beati
1176 1151 1309 1198 Pauli,

366 1218 442 1245 110

305 1259 422 1298 Deus
442 1259 643 1311 refugium
663 1266 849 1299 nostrum
870 1266 911 1299 et
931 1259 1072 1306 virtus,
1095 1261 1147 1313 98

307 1314 421 1353 Deus
435 1313 579 1353 veniae
596 1314 765 1365 largitor
779 1321 820 1353 et
835 1314 1040 1354 humanae
1056 1314 1211 1360 salutis,
1235 1314 1307 1364 167

306 1367 420 1406 Deus
439 1367 638 1407 virtutum
659 1367 772 1407 cuius
792 1374 853 1407 est
873 1374 1021 1414 totum,
1043 1370 1096 1408 80

304 1421 584 1460 Devotionem
607 1422 751 1474 populi
779 1422 837 1461 tui
868 1435 1116 1474 quaesumus
1141 1421 1309 1461 domine

356 1475 571 1527 benignus,
595 1477 647 1526 48

305 1529 469 1581 Dirigat
489 1530 614 1568 corda
634 1535 775 1569 nostra
794 1543 1055 1582 quaesumus,
1079 1542 1131 1584 93

303 1583 486 1623 Domine
531 1585 633 1624 deus
680 1584 942 1636 omnipotens
988 1584 1060 1636 qui
1104 1584 1157 1624 ad
1197 1584 1307 1636 prin-

357 1637 524 1689 cipium,
551 1650 602 1689 24

305 1692 534 1731 Ecclesiam
557 1699 669 1731 tuam
691 1692 858 1732 domine
878 1692 1094 1744 benignus,
1122 1694 1194 1732 182

302 1746 531 1786 Ecclesiam
553 1752 665 1785 tuam
685 1746 854 1786 domine
873 1747 1096 1793 miseratio,
1117 1759 1171 1798 90

303 1800 406 1839 Esto
425 1800 593 1840 domine
612 1800 725 1852 plebi
746 1806 840 1840 tuae
859 1800 1146 1849 sanctificator,
1177 1814 1249 1850 14²

302 1855 405 1894 Esto
424 1855 593 1894 domine
611 1855 815 1907 propitius
834 1855 947 1907 plebi
976 1861 1070 1895 tuae
1099 1861 1140 1895 et
1163 1868 1302 1908 quarn,

303 1922 466 2002 Exa9udi
503 1963 672 2002 domine
715 1976 857 2015 preces
901 1970 1062 2003 nostras
1101 1969 1141 2003 et
1179 1963 1303 2003 inter-

356 2018 527 2056 cedente
547 2018 671 2056 beato
694 2018 853 2066 Marco,
881 2018 950 2058 161

303 2071 466 2110 Exaudi
513 2072 682 2111 domine
717 2085 858 2123 preces
898 2078 1059 2112 nostras
1096 2078 1136 2112 et
1181 2071 1304 2111 inter-

354 2126 546 2165 veniente
565 2126 688 2165 beato
709 2127 908 2172 Damaso,
934 2128 1008 2177 178

302 2180 465 2218 Exaudi
485 2193 560 2219 nos
587 2181 688 2220 deus
715 2180 902 2220 salutaris
922 2187 1062 2220 noster
1081 2186 1121 2220 et
1141 2185 1304 2233 aposto-

357 2235 504 2282 lorum,
531 2248 551 2274 2
558 2248 579 2285 3

301 2288 464 2327 Exaudi
493 2302 570 2328 nos
595 2288 697 2328 deus
726 2288 915 2328 salutaris
944 2295 1083 2329 noster
1111 2294 1156 2328 ut
1185 2289 1304 2335 sieut,

361 2345 435 2393 187

302 2396 465 2435 Exaudi
489 2410 564 2436 nos
593 2397 856 2450 omnipotens
880 2403 920 2437 et
946 2397 1177 2437 misericors
1205 2398 1306 2437 deus

355 2458 395 2490 et
415 2451 705 2499 continentiae,
732 2465 777 2502 51

302 2505 466 2544 Exaudi
526 2518 775 2557 quaesumus

355 2572 509 2611 preces,
535 2571 584 2610 45

302 2613 450 2653 Excita
478 2613 647 2653 domine
676 2613 800 2653 corda
827 2622 968 2653 nostra
996 2614 1049 2653 ad
1083 2627 1304 2666 preparan-

356 2668 443 2716 das,
469 2679 518 2719 27

303 2722 452 2761 Excita
478 2735 726 2773 quaesumus
752 2722 920 2761 domine
941 2722 1172 2773 potentiam
1193 2727 1306 2761 tuam

354 2783 394 2816 et
415 2777 509 2815 veni
528 2784 572 2815 ut
594 2777 646 2815 ab
667 2775 994 2822 imminentibus,
1018 2790 1066 2816 22

304 2831 452 2869 Excita
471 2843 718 2881 quaesumus
744 2830 912 2869 domine
938 2830 1166 2883 potentiam
1191 2836 1305 2869 tuam

356 2891 395 2924 et
415 2885 509 2924 veni
530 2891 570 2924 et
591 2897 755 2936 magna,
780 2897 830 2938 ²9

303 2938 525 2978 Familiam
561 2945 673 2978 tuam
714 2951 961 2990 quaesumus
1007 2938 1175 2978 domine
1209 2952 1304 2978 con-

356 2993 470 3032 tinua
490 2993 644 3045 pietate
663 2993 824 3032 custodi
844 2999 887 3032 ut
908 3006 933 3031 a
953 2993 1123 3038 cunctis,
1145 3003 1195 3046 97

304 3047 523 3086 Familiam
562 3054 675 3086 tuam
709 3061 956 3099 quaesumus
994 3048 1162 3086 domine
1208 3061 1304 3087 con-

357 3102 471 3140 tinua
501 3101 654 3153 pietate
692 3101 876 3141 custodi:
916 3107 959 3141 ut
998 3115 1103 3154 quae
1137 3101 1179 3140 in
1218 3103 1306 3141 sola

357 3169 375 3195 5
408 3170 429 3194 0
631 3186 634 3188 .

303 3169 607 3249 Ὲ31111111Ξ511115
641 3223 887 3261 quaesumus
926 3209 1094 3249 domine
1125 3209 1301 3259 celestis,

362 3278 434 3315 153

302 3319 336 3357 F
340 3319 570 3356 amulorum
590 3324 755 3357 tuorum
776 3331 1023 3369 quaesumus
1042 3318 1211 3357 domine
1235 3318 1305 3357 de-

355 3372 476 3419 lictis,
506 3384 580 3422 149

303 3426 510 3465 Fidelium
531 3426 631 3465 deus
651 3426 836 3464 omnium
852 3426 1054 3474 conditor,
1081 3425 1132 3477 46

386 3509 410 3526 ‚‚
451 3480 494 3518 in
513 3493 728 3518 commem.
752 3480 936 3519 omnium
957 3481 1200 3528 animarum,
1230 3479 1304 3530 167

305 3534 466 3574 Ieiunia
489 3540 629 3572 nostra
654 3547 900 3585 quaesumus
929 3535 1098 3574 domine
1123 3534 1305 3587 benigno

356 3589 496 3627 favore
516 3601 775 3640 prosequere,
803 3602 851 3639 52

302 3642 505 3682 Inchoata
542 3641 693 3681 ieiunia
740 3655 987 3694 quaesumus
1029 3643 1197 3683 domine
1235 3643 1304 3683 be-

355 3696 496 3748 nigno,
519 3707 569 3745 47

303 3750 611 3802 Indulgentiam
632 3749 752 3790 nobis
773 3763 1032 3802 quaesumus,
1060 3753 1134 3803 187

840 2505 1009 2545 domine
1071 2506 1304 2558 supplicum

1023 247 1238 287 INDEX
1276 248 1394 288 ORA
1406 249 1472 288 TI
1472 248 1558 289 ΟΝ
1562 248 1665 288 UM

1396 342 1656 383 Ineffabilem
1705 342 1826 382 nobis
1869 343 2037 384 domine
2075 344 2353 421 misericord‘-

1450 404 1576 445 tuam,
1603 408 1652 448 45
2330 416 2336 420 ’
2360 409 2371 413 ·’

1398 450 1689 490 Infirmitatem
1727 456 1909 490 nostram
1942 454 2099 503 respice
2135 429 2419 505 omnipotens*

1452 505 1584 544 deus..
1595 504 1784 544 Fabiani
1804 512 1844 544 et
1866 505 2112 552 Sebastiam,
2139 516 2212 558 107

1400 558 1691 614 Infirmitatem
1727 565 1911 598 nostram
1948 559 2106 612 respice
2136 551 2418 613 omnipotens
2438 544 2498 614 3:1³2

1451 604 1585 652 (10115..
1595 613 1667 652 ..Ν
1689 613 1892 664 martyris,
1922 615 1994 663 185

1400 666 1647 706 Intercessio
1688 679 1763 706 nos
1801 679 2047 719 quaesumus
2085 666 2253 707 domine
2288 664 2404 709 beati
2466 712 2484 720 .

1455 721 1511 759 Ν.
1532 719 1708 760 abbatis.
1731 720 1806 760 186

1400 773 1654 814 Interveniat
1687 788 1764 826 pro
1794 774 1916 814 nobis
1953 787 2201 826 quaesumus
2233 773 2405 815 domine
2441 778 2483 827 fs,

1452 834 1617 868 sanctus
1635 834 1729 868 tuus
1750 829 1897 873 Lucas,
1923 827 1998 880 163

1398 882 1569 944 Largire
1597 882 1718 922 nobis
1750 895 1998 934 quaesumus
2035 882 2203 923 domine
2239 891 2430 936 semper·
2467 868 2518 944 ζ(

1451 936 1639 988 spiritum
1660 936 1883 988 cogitandi,
1906 939 1955 977 82

1399 990 1569 1042 Largire
1602 1003 1849 1043 quaesumus
1886 989 2055 1030 domine
2083 989 2275 1030 fidelibus
2304 989 2401 1038 tuis,

1453 1043 1505 1095 96

1396 1098 1659 1138 Maiestatem
1692 1104 1805 1137 tuam
1834 1098 2001 1138 domine
2035 1097 2276 1173 suppliciter
2306 1110 2402 1138 exo·
2433 1091 2502 1158 ’,Ζ

1449 1166 1586 1192 ramus
1629 1165 1644 1191 1

1398 1207 1562 1298 Merlites
1589 1163 1760 1246 ’11019135
1793 1219 2042 1259 quaesumus
2079 1205 2248 1266 domine
2285 1219 2403 1259 para-

1450 1273 1473 1299 c
1491 1266 1592 1309 etus,
1619 1270 1669 1312 70

1397 1292 1611 1354 Mentibus
1647 1313 1798 1354 nostris
1836 1327 2082 1366 quaesumus
2120 1314 2289 1354 domine
2319 1313 2402 1367 spi·
2442 1356 2443 1359 ,
2485 1305 2521 1371 ζ’ξ.

1450 1368 1575 1407 ritum
1594 1374 1782 1408 sanetum
1801 1369 2005 1421 benignus
2025 1367 2208 1418 infunde,
2234 1378 2280 1420 71

1399 1422 1554 1462 Nostra
1595 1422 1671 1461 tibi
1717 1423 1886 1462 domine
1927 1435 2175 1475 quaesumus
2216 1422 2298 1462 sint
2335 1434 2402 1463 ac-

1451 1482 1573 1528 cepta
1591 1476 1757 1525 ieiunia,
1783 1490 1831 1527 55

1398 1530 1556 1570 Omnes
1575 1531 1706 1570 sancti
1726 1531 1786 1570 tui
1806 1543 2069 1582 quaesumus,
2092 1543 2141 1582 23

1398 1585 1677 1636 Omnipotens
1739 1584 2058 1624 clementissime
2121 1585 2223 1625 deus

1451 1638 1572 1684 filius,
1598 1652 1674 1690 144

2286 1583 2404 1625 euius

1397 1693 1675 1745 Omnipotens
1713 1698 1754 1732 et
1792 1692 2024 1733 misericors
2063 1693 2165 1732 deus
2197 1692 2251 1732 de
2287 1692 2404 1733 cuius
2463 1693 2530 1742 ,ῑὶξ

1449 1760 1619 1786 munere
1638 1747 1765 1796 venit,
1789 1749 1839 1798 87

1398 1801 1676 1853 Omnipotens
1714 1807 1754 1841 et
1791 1801 2021 1841 misericors
2067 1801 2168 1841 deus
2211 1800 2402 1841 universa

1450 1856 1584 1902 nobis,
1606 1868 1656 1908 95

1398 1909 1677 1961 Omnipotens
1727 1909 1976 1961 sempiterne
2023 1909 2124 1949 deus
2170 1909 2226 1949 da
2279 1909 2402 1950 nobis

1451 1964 1548 2003 fidei
1568 1964 1656 2015 spei
1676 1970 1716 2003 et
1735 1963 1960 2012 eharitatis,
1986 1965 2038 2003 88

1396 2018 1673 2069 Omnipotens
1702 2018 1951 2069 sempiterne
1979 2018 2081 2057 deus
2110 2017 2164 2057 da
2192 2017 2314 2058 nobis
2341 2017 2402 2059 ita
2544 2041 2553 2046 -

1451 2072 1697 2111 Dominicae
1717 2072 1933 2124 passionis,
1957 2070 2007 2123 56

1396 2126 1672 2178 Omnipotens
1701 2126 1951 2179 sempiterne
1988 2126 2089 2165 deus
2118 2124 2249 2178 dirige
2285 2131 2403 2166 actus

1447 2189 1623 2228 nostros,
1649 2191 1698 2232 37

1395 2235 1671 2286 Omnipotens
1704 2234 1953 2287 sempiterne
1982 2234 2083 2274 deus
2116 2233 2398 2275 infirmitatem

1447 2298 1644 2337 nostram,
1671 2303 1720 2340 33

1393 2343 1671 2395 Omnipotens
1715 2343 1963 2395 sempiterne
2004 2342 2105 2382 deus
2142 2340 2400 2383 maiestatem

1447 2403 1561 2436 tuam
1582 2397 1802 2449 supplices,
1827 2410 1904 2458 .¹¹3

1394 2451 1672 2503 Omnipotens
1706 2451 1955 2503 sempiterne
1983 2451 2084 2490 deus
2115 2450 2309 2491 miserere
2341 2449 2401 2490 sa-

1446 2506 1548 2544 muli
1569 2512 1662 2545 tuae
1682 2519 1828 2557 papae,
1854 2504 1906 2556 46

1393 2559 1671 2612 Omnipotens
1711 2559 1961 2611 sempiterne
2003 2559 2105 2599 deus
2150 2558 2221 2610 qui
2267 2558 2398 2599 abun·

1446 2614 1588 2653 dantia
1607 2613 1774 2666 pietatis
1795 2621 1888 2653 tuae
1908 2620 1948 2653 et
1969 2613 2128 2659 merita,
2150 2614 2201 2665 85

1393 2668 1671 2720 Omnipotens
1698 2668 1948 2720 sempiterne
1975 2668 2076 2707 deus
2105 2667 2175 2720 qui
2206 2666 2400 2707 coelestia

1448 2723 1583 2770 simul,
1611 2735 1660 2773 32

1393 2776 1670 2828 Omnipotens
1707 2776 1956 2828 sempiterne
1997 2776 2098 2815 deus
2136 2775 2207 2827 qui
2247 2774 2402 2815 dedisti

1445 2831 1608 2870 famulis
1629 2830 1721 2876 tuis,
1745 2841 1790 2881 71

1392 2884 1669 2936 Omnipotens
1698 2884 1947 2945 sempiterne
1973 2884 2074 2923 deus
2103 2883 2173 2935 qui
2197 2896 2247 2923 ex
2266 2883 2396 2923 abun-

1445 2939 1587 2978 dantia
1607 2939 1794 2978 charitat'
1784 2952 1832 2986 15,
1862 2951 1936 2991 139

1391 2993 1668 3044 Omnipotens
1691 2993 1940 3044 sempiterne
1962 2992 2063 3032 deus
2092 2991 2163 3044 qui
2191 2991 2397 3060 gloriosae

1443 3047 1614 3098 virginis
1635 3048 1806 3094 Mariae,
1833 3058 1882 3096 25

1391 3101 1668 3153 Omnipotens
1688 3102 1937 3153 sempiterne
1957 3101 2057 3140 deus
2078 3099 2149 3152 qui
2174 3099 2295 3140 huius
2313 3099 2398 3140 diei

1444 3156 1735 3203 venerandam,
1765 3168 1841 3206 150

1392 3210 1670 3261 Omnipotens
1702 3210 1949 3262 sempiterne
1984 3209 2084 3249 deus
2115 3208 2184 3260 qui
2214 3208 2398 3249 humano

1443 3264 1584 3315 generi
1605 3265 1657 3303 ad
1678 3264 1924 3302 imitandum
1945 3262 2203 3308 humilitatis,
2225 3262 2277 3313 56

1391 3318 1668 3370 Omnipotens
1701 3318 1950 3369 sempiterne
1988 3317 2090 3356 deus
2125 3316 2196 3368 qui
2233 3315 2398 3356 infirma

1443 3372 1587 3410 mundi
1609 3371 1738 3424 eligis,
1768 3374 1839 3412 ¹08

1391 3426 1668 3478 Omnipotens
1698 3426 1945 3477 sempiterne
1974 3426 2075 3464 deus
2103 3424 2175 3476 qui
2204 3437 2280 3464 nos
2308 3437 2398 3464 om-

1443 3481 1557 3519 nium
1578 3486 1824 3528 sanctorum,
1855 3479 1930 3520 166

1391 3534 1669 3586 Omnipotens
1699 3534 1948 3596 sempiterne
1978 3533 2080 3572 deus
2103 3531 2173 3584 qui
2201 3531 2397 3584 paschale

1443 3595 1743 3628 sacramentum
1764 3588 1807 3627 in
1827 3586 2185 3634 reconciliationis,
2211 3584 2258 3625 61

1390 3643 1666 3694 Omnipotens
1695 3642 1944 3694 sempiterne
1973 3642 2073 3681 deus
2106 3639 2177 3693 qui
2206 3639 2395 3685 vivorum

1444 3696 1669 3736 dominaris
1684 3696 1819 3742 simul,
1841 3695 1893 3746 46

1391 3751 1563 3790 Pateant
1584 3763 1701 3790 aures
1722 3749 2025 3790 misericordiae
2046 3754 2153 3793 tuae,
2177 3749 2226 3799 83

2525 3468 2545 3510 ,μὶ
2538 3435 2539 3439 Α
2530 3364 2546 3410 -·,-„‹‘
2530 3309 2546 3347 9,,
2532 3211 2548 3278 22³2..

2547 3205 2551 3209 .
2548 3144 2558 3158 a
2546 3099 2550 3106 .

2543 3500 2567 3602 4:⁶³(ss
2542 3357 2570 3485 '·³1-‘''‚'.-³⁴''
2547 3319 2571 3342 Ιν
2548 3275 2556 3302 -μ

2542 3978 2563 4005 ⁴0.
2543 3894 2567 3966 &A
2551 3846 2577 3883 ’,νς
2534 3789 2565 3835 rs&
2550 3763 2570 3781 ¹1⁴.
2550 3679 2564 3725 «·-⁴.·
2542 3607 2567 3666 '³:52

2593 4083 2601 4092 .
2593 4063 2600 4073 -
2581 4047 2587 4055 ⁴
2583 4016 2601 4026 k
2578 3655 2603 4010 α-,.,.ῡ5α1ς.·ιαὲίαμ,..ψ.

2533 4047 2540 4062 ,,

2542 4122 2545 4126 ⁴
2560 4103 2562 4105 -
2542 4021 2565 4086 ἀ’-ἓξ

2593 3603 2603 3646 via*
2598 3580 2603 3593 Γ
2592 3498 2603 3566 ,ε-ιέ-,ιι
2599 3479 2601 3482 .
2598 3451 2601 3458 x
