2606 4126
1062 283 1401 325 AUGUSTUS.

197 376 367 433 tasset.
395 424 398 426 ,
421 376 685 438 S'ed'cum
716 377 917 430 multos
945 377 1188 429 sermone

197 454 252 498 et
274 448 533 514 exemplo
552 449 623 500 ad
641 449 805 499 fidem
828 449 1188 510 conuertisset‚

2165 281 2258 335 145

1272 379 1483 445 tigaret,
1533 379 1698 430 ambo
1749 380 1961 430 assiduis
2010 382 2260 446 precibus

1273 466 1306 499 a
1333 451 1494 500 beata
1520 451 1728 515 virgine
1756 451 1931 501 Maria
1962 453 2259 502 contende-

197 518 267 569 ad
289 519 556 585 templum
577 520 772 571 Martis
793 527 850 570 vt
872 518 1190 570 sacrificaret
1273 520 1422 580 bant,
1462 528 1521 571 vt
1559 521 1643 571 vel
1685 521 1735 571 se
1773 521 1937 587 prolis
1976 529 2260 587 compotes

197 589 268 639 ab
286 589 594 640 infidelibus
612 588 922 652 abstractuS,
943 590 1187 640 constan-

142 669 147 674 “
196 660 237 710 ti
265 661 448 711 animo
475 661 750 712 recusauit.
809 660 1184 727 Quamobrem

196 731 376 796 capite
413 738 695 782 truncatus
733 731 822 791 est,
848 749 911 782 ac
947 731 1186 798 sepultus

194 802 283 851 via
326 801 514 869 Appia
556 803 610 853 in
655 802 971 853 coemeterio
1015 802 1184 852 calisti
1221 853 1226 858 ,

198 871 303 937 .iiij.
331 876 503 922 nonas
534 872 782 938 Augusti.
859 873 999 924 Cum
1030 873 1186 922 sedis-

196 942 272 1064 (siet
345 960 516 1024 annos
585 944 789 1010 septem
854 943 1061 994 menses
1124 962 1184 994 .v.

239 1030 312 1064 ies
338 1031 408 1085 Δ).

267 1147 322 1203 (I
367 1142 583 1195 Sam‘lce
616 1144 822 1194 Marz‘ae
854 1143 933 1193 ad
965 1143 1114 1193 niues

312 1215 502 1281 duplex
524 1214 701 1266 maius
725 1214 805 1264 ad
824 1214 1070 1281 vesperas.

560 1307 827 1372 Hymnus.

262 1398 389 1449 Aue
417 1397 579 1448 maris
607 1397 756 1448 stella
783 1395 908 1448 ete.¹

594 1508 795 1560 Oratis).

206 1602 439 1703 DEuS‚
486 1602 579 1667 qui
629 1599 949 1667 virginalem
1001 1599 1181 1650 aulam

348 1674 524 1723 beatae
587 1673 775 1722 mariae
838 1672 1073 1737 virginis,
1133 1672 1185 1721 in

197 1761 306 1810 qua
355 1744 645 1804 habitares,
686 1743 884 1810 eligere
926 1744 1185 1808 dignatus

197 1833 269 1876 eS,
320 1816 392 1866 da
450 1814 772 1881 quaesumuS‚
823 1822 882 1864 vt
945 1814 1035 1864 sua
1086 1831 1184 1863 nos

195 1886 502 1937 defensione
524 1886 776 1946 munitOS,
797 1885 1060 1936 iucundos
1079 1885 1184 1935 suae

196 1957 362 2008 facias
383 1957 628 2007 interesse
646 1956 1154 2008 commemorationi
1175 1975 1185 2007 :

196 2029 288 2095 qui
315 2029 452 2079 viuis
480 2035 580 2080 ete.

197 2145 252 2200 ΙΙ
281 2140 329 2190 Α
341 2139 384 2191 d
404 2140 729 2192 matntz'nmzz
766 2137 1181 2191 z'mcitatorz'nm?

271 2231 476 2284 §aneta
503 2232 675 2283 maria
701 2232 788 2282 dei
816 2232 1055 2297 genitrix
1082 2232 1185 2282 vir-

197 2321 268 2371 go
296 2305 569 2355 intercede
596 2321 694 2371 pro
722 2304 893 2354 nobiS.

558 2420 822 2484 Hymnus

271 2512 320 2564 O
347 2510 577 2578 gloriosa
604 2513 840 2564 domina.
869 2520 967 2563 ete.

496 2622 676 2674 Leb‘t’z’o
714 2623 886 2676 tertia.

207 2714 473 2815 ROmae
512 2714 700 2765 liberio
738 2714 996 2781 pontifice
1034 2723 1186 2766 ante-

352 2803 517 2852 quam
562 2786 730 2837 vllum
782 2787 836 2836 in
877 2787 1007 2837 vrbe
1049 2794 1186 2837 tem-

198 2856 351 2923 plum
414 2857 638 2922 virginis
702 2859 890 2908 matris
966 2859 1189 2908 nomine

200 2926 539 2979 dedicatum3
578 2929 721 2990 esset,
753 2930 989 2980 Ioannes
1020 2930 1189 2996 patri-

201 3000 316 3050 cius
355 3016 613 3050 romanus
654 3017 868 3050 morum
909 3000 1189 3051 honestate

201 3078 256 3120 et
289 3071 501 3136 generis
540 3071 843 3133 nobilitate,
869 3079 1034 3138 atque
1073 3073 1188 3137 opi-

200 3141 302 3191 bus
376 3141 649 3207 praestzms,
713 3143 797 3192 cui
872 3160 1014 3193 vxor
1074 3150 1189 3193 erat

204 3212 445 3263 moribus
502 3220 556 3263 et
619 3213 930 3264 conditione
993 3214 1190 3275 fimilis,

202 3300 326 3334 cum
362 3283 653 3334 orbitatem
682 3284 916 3335 filiorum
945 3285 1192 3335 dolenter

203 3354 378 3416 ferret,
409 3371 508 3404 nec
534 3356 627 3405 diu
660 3356 927 3421 cogitanti
963 3357 1191 3406 idoneus

202 3425 483 3492 quisquam
524 3427 838 3487 occurreret,
873 3443 1036 3492 quem
1076 3427 1191 3477 sua-

203 3514 321 3547 rum
349 3513 516 3563 opum
543 3496 816 3548 haeredem
850 3498 1192 3563 relinqueret,

203 3568 506 3634 eademque
537 3568 822 3619 solicitudo
856 3586 1086 3620 onrem
1116 3569 1191 3618 fa-

385 3693 401 3721 ¹
433 3701 517 3738 etc.
550 3709 558 3738 :
582 3708 664 3737 om.
692 3696 739 3737 P.
802 3694 875 3737 fol.
900 3695 975 3736 vlt.
1009 3694 1141 3736 taciti.
1166 3693 1217 3736 A.

1273 591 1521 652 efficeret,
1572 590 1657 642 vel
1709 608 1872 658 quem
1931 593 2258 658 potissimum

1270 661 1543 712 haeredem
1585 662 1860 712 instituere
1900 664 2259 713 commodissi-

1272 749 1439 795 mum,
1504 740 1558 783 et
1629 733 2047 783 honestissimum
2116 734 2258 794 esset,

1272 804 1548 854 indicaret.
1625 804 1874 854 Exorata
1928 805 2092 870 igitur
2152 800 2258 870 pijs

1271 875 1521 940 precibus
1550 875 1818 925 mitissima
1850 876 2069 940 virgine,
2099 873 2258 926 ηοξὶε

1272 962 1537 996 nonarum
1578 946 1810 1012 Augusti
1856 963 1964 1011 quo
2009 953 2258 1012 tempore

1270 1016 1442 1066 solent
1486 1016 1673 1067 vrbem
1715 1016 1882 1067 aestiui
1927 1017 2132 1067 calores
2178 1018 2259 1067 in-

1271 1086 1475 1147 festare,
1515 1104 1638 1153 pars
1680 1089 1794 1138 eius
1846 1088 2047 1139 montis
2095 1088 2255 1150 vrbiS,

1270 1159 1362 1224 qui
1431 1159 1629 1208 dicitur
1692 1159 1961 1224 Esquiliae,
2024 1159 2267 1225 plurima·

1271 1230 1395 1280 niue
1430 1229 1708 1296 conspersa
1746 1230 1834 1291 est,
1861 1230 1965 1280 deo
1992 1230 2258 1281 voluntati

1272 1301 1460 1351 matris
1546 1308 1833 1351 annuente.
1936 1301 2258 1368 Eademque

1271 1370 1433 1422 nocte
1479 1372 1674 1422 Ioanni
1715 1372 1932 1438 eiusque
1980 1373 2138 1423 vxori
2184 1373 2258 1423 se-

1271 1443 1446 1493 orsum
1474 1444 1627 1509 virgo
1655 1451 1828 1494 mater
1849 1443 1956 1493 visa
1977 1443 2051 1494 est
2074 1445 2257 1494 niuem

1270 1515 1548 1564 demissam
1568 1514 1776 1576 referre,
1795 1515 2036 1580 ipsosque
2058 1515 2257 1575 iubere,

1269 1593 1328 1636 vt
1367 1586 1420 1635 in
1461 1604 1525 1636 eo
1577 1585 1711 1646 loco,
1751 1603 1913 1652 quem
1956 1587 2054 1636 nix
2099 1603 2257 1636 occu-

1270 1657 1453 1722 passet,
1492 1657 1758 1722 templum
1813 1657 1913 1707 suis
1957 1657 2257 1723 sumpti-bus
2320 1692 2322 1694 ψ

1269 1728 1618 1788 aedificarent,
1642 1729 1788 1794 quod
1818 1729 2038 1778 nomine
2067 1729 2257 1778 Mariae

1268 1800 1491 1864 virginis
1531 1801 1816 1859 dicaretur,
1842 1817 1965 1865 quae
2004 1799 2073 1849 ad
2113 1799 2257 1850 hunc

1271 1871 1495 1920 modum
1554 1870 1718 1921 vellet
1779 1870 1951 1920 haeres
2014 1870 2084 1929 ab
2135 1870 2257 1936 ipfis

1269 1941 1510 2007 relinqui.
1588 1942 1751 1991 Hanc
1811 1942 2067 1992 visionem
2130 1959 2255 1992 cum

1272 2013 1506 2063 Ioannes
1536 2014 1604 2063 ad
1636 2013 1913 2063 Liberium
1941 2012 2255 2078 pontificem

1270 2084 1540 2144 retulisset,
1569 2085 1713 2134 idem
1746 2084 1837 2134 fibi
1876 2084 2045 2134 visum
2086 2085 2258 2134 conti-

1268 2155 1396 2221 gisse
1414 2155 1666 2221 pontifex
1685 2155 2017 2216 asseuerauit,
2038 2155 2255 2205 eadem-

1269 2244 1374 2292 que
1416 2228 1672 2277 nunciata
1716 2234 1770 2277 et
1812 2226 2092 2292 imperata,
2135 2243 2258 2292 pro-

1269 2298 1395 2348 inde
1414 2298 1622 2348 monita
1640 2298 1825 2348 diuina
1843 2314 1951 2347 non
1969 2298 2071 2347 esse
2089 2297 2259 2363 negli-

1269 2370 1462 2434 genda.
1493 2369 1632 2420 Cum
1646 2368 2257 2435 magnaigituretsolen-

1270 2441 1323 2489 ni
1343 2457 1547 2506 pompa
1568 2441 1636 2490 ad
1657 2440 1835 2490 locum
1857 2439 2258 2506 niuispontifex

1198 2556 1200 2559 ,
1271 2528 1394 2561 cum
1434 2511 1700 2578 frequenti
1746 2511 1951 2578 populo
2000 2512 2259 2577 procesfit,

1271 2591 1326 2632 et
1344 2582 1523 2633 locum
1545 2582 1753 2648 templo
1775 2582 2090 2648 designauit,
2110 2583 2258 2648 quod

1272 2653 1485 2704 illorum
1538 2671 1675 2720 quos
1721 2654 1966 2704 diximus
2008 2653 2260 2719 impensis

1273 2725 1561 2791 magnifice
1625 2723 1987 2776 constructum
2063 2722 2259 2775 sanctae

1274 2796 1463 2846 Mariae
1492 2797 1709 2846 maioris
1738 2803 2096 2862 nuncupatur.

1274 2998 1329 3054 (I
1373 2994 1421 3044 T
1418 2992 1804 3060 ransfiguratio
1839 2991 2048 3042 domini
2077 2990 2268 3058 duplex

1489 3065 1667 3115 mains
1691 3064 1768 3114 ad
1789 3063 2036 3128 vesperas.

1631 3175 1897 3240 fflsmmts.

1278 3283 1550 3383 (Ande
1587 3289 1760 3332 mater
1794 3281 2015 3346 pietatis
2044 3281 2096 3330 in
2124 3280 2265 3331 valle

1317 3344 1376 3386 -J
1407 3353 1743 3418 gementium
1774 3353 1876 3402 Pro
1910 3353 2111 3402 ducatu
2147 3352 2264 3417 dig-

1277 3426 1462 3476 nitatis
1518 3423 1709 3475 Christi
1769 3423 1909 3489 regis
1966 3423 2209 3473 omnium
2254 3439 2265 3472 :

1280 3497 1406 3562 Quo
1445 3495 1644 3546 dilecta
1691 3495 2012 3560 praedotaris
2058 3495 2111 3544 in
2157 3493 2268 3543 cul-

1281 3570 1425 3618 mine
1452 3567 1737 3617 montium.

1466 3691 1484 3718 2
1516 3693 1590 3736 die
1614 3693 1655 3735 ‚6
1676 3693 1726 3734 z'n
1750 3706 1806 3735 m.
1873 3702 1893 3748 5
1926 3707 1933 3735 :
1960 3694 2006 3735 P.
2026 3693 2079 3734 A.

986 3751 1003 3778 3
1035 3753 1239 3794 dicatum
1268 3766 1275 3794 :
1305 3753 1355 3793 R.
1380 3753 1426 3793 P.
1447 3751 1499 3793 A.

350 3837 396 3875 B.
426 3835 479 3874 N.

2071 3836 2132 3872 IO
