2606 4126
1066 246 1156 287 DE
1162 246 1197 288 C
1196 246 1429 288 EMBER.

225 343 443 405 retibus,
476 342 683 410 sequuti
718 341 838 393 sunt
872 358 1010 393 eum.
1088 341 1210 392 Post

224 415 515 479 passionem
533 429 660 465 vero
687 420 742 464 et
769 410 1209 464 resurrectionem

225 484 431 546 Christi,
457 484 712 536 Andreas
745 500 868 534 cum
896 485 950 534 in
981 483 1209 549 Scythia

225 554 476 620 Europae,
517 572 640 620 quae
679 554 774 621 vipsi
816 554 1098 620 prouincia
1137 553 1209 604 ad

225 625 417 676 Christi
436 624 740 676 doetrinam
758 625 1209 676 disseminandam

224 697 511 762 obtigerat,
539 696 723 746 multis
750 695 1021 746 miraculis
1050 695 1211 746 editis

222 766 483 832 plurimos
533 767 603 817 ad
644 783 831 817 verum
874 766 961 816 dei
1002 766 1209 816 cultum

225 838 573 903 perduxisset,
604 838 657 887 in
698 837 966 888 Graeciam
1007 837 1158 887 venit
1198 855 1209 887 ε

226 908 514 974 multisque
551 909 621 959 ad
661 907 825 958 fidem
854 907 1047 959 Christi
1085 924 1212 958 con-

224 979 382 1029 uersis
423 979 674 1044 Aegeam
715 977 1086 1045 proconsulem
1138 978 1208 1028 ad

227 1051 418 1101 Patras
493 1050 691 1100 vrbem·
745 1048 1213 1115 predicationibus

225 1120 328 1171 suis
384 1120 743 1181 obsistentem,
795 1119 1213 1186 christianosque

225 1192 356 1242 deos
395 1191 571 1242 colere
608 1199 912 1257 cogentem,
941 1191 1213 1241 liberrime

224 1263 393 1329 coepit
420 1263 697 1329 increpare
724 1281 734 1313 z
761 1263 907 1328 quod
929 1263 1020 1328 qui
1043 1262 1212 1312 iudex

225 1334 509 1384 hominum
537 1333 724 1384 haberi
744 1333 921 1392 vellet,
942 1333 1213 1384 Christum

225 1405 388 1455 deum
429 1413 595 1470 atque
628 1404 873 1455 omnium
912 1404 1146 1455 iudicem
1182 1402 1214 1454 a

223 1476 567 1526 daemonibus
617 1475 792 1526 elusus
855 1492 964 1525 non
1028 1475 1216 1542 agnos-

226 1554 384 1598 ceret.
467 1547 570 1599 Cui
621 1546 842 1612 Aegeas
894 1546 1060 1596 iratus
1113 1546 1215 1596 res-

227 1618 439 1683 pondit.
505 1617 784 1668 Desineret
812 1617 1082 1669 Christum
1110 1617 1214 1668 iac-

225 1697 356 1748 tare,
384 1689 469 1739 cui
509 1689 698 1739 similia
724 1689 888 1739 verba
927 1688 1060 1738 nihil
1093 1705 1217 1755 pro-

226 1759 453 1821 fuissent,
471 1777 580 1827 quo
607 1760 784 1810 minus
812 1757 1073 1809 avIudaeis
1100 1777 1216 1810 cru-

225 1831 543 1897 cifigeretur.
619 1832 693 1882 Et
742 1831 1026 1881 Andream
1078 1830 1215 1881 mul-

226 1901 367 1953 tam²
399 1902 619 1953 laudem
661 1900 870 1963 Christi,
897 1901 1084 1968 sponte
1123 1902 1215 1952 sua

227 1990 327 2040 pro
389 1990 588 2041 genere
661 1973 902 2024 humano
972 1972 1215 2023 crucifixi

228 2045 406 2095 dicere
433 2045 797 2111 incipientem,
814 2060 955 2094 vana
973 2051 1026 2094 et
1048 2044 1217 2110 impia

228 2117 474 2176 oratione
513 2115 931 2182 interpellatum,
971 2115 1120 2165 iubet
1158 2115 1213 2165 in

228 2203 497 2238 carcerem
525 2187 753 2238 detrudi.
800 2187 964 2237 Vnde
985 2187 1055 2236 ab
1077 2186 1214 2236 irato

229 2259 284 2308 in
311 2258 562 2324 Aegeam
589 2257 796 2324 populo
818 2255 1043 2308 eductus
1071 2257 1214 2319 esset,

229 2330 323 2380 nisi
397 2329 507 2395 ipse
582 2329 793 2380 animos
868 2328 1214 2395 popularium

229 2400 645 2466 compescuisset,
672 2417 968 2466 roganS,ne
996 2399 1045 2450 se
1074 2416 1214 2450 mar-

227 2472 353 2538 tyrij
383 2471 840 2538 desyderatissima
857 2487 1055 2521 corona
1074 2471 1215 2521 frau-

227 2543 439 2594 darent.
505 2544 681 2608 Igitur
707 2541 870 2608 paulo
896 2542 1015 2608 post
1041 2542 1094 2592 in
1122 2543 1216 2592 tri-

229 2613 398 2665 bunal
426 2611 768 2681 produofflm,
795 2630 964 2679 quum
992 2612 1214 2679 Aegeas

229 2686 282 2736 in
329 2685 601 2752 proposito
641 2684 1054 2736 constantissime
1094 2701 1213 2751 per-

230 2756 579 2818 seuerantem,
605 2756 776 2807 immo
810 2755 903 2806 sibi
938 2755 1085 2806 suam
1115 2757 1214 2806 im-

230 2829 492 2894 pietatem
521 2827 689 2878 libera
714 2844 848 2878 voce
875 2827 1215 2892 exprobran-

228 2908 339 2950 tem
367 2900 588 2960 videret,
606 2899 659 2949 in
677 2915 889 2950 crucem
918 2898 1034 2949 tolli
1063 2899 1213 2958 iussit,

229 2977 284 3021 et
336 2970 528 3023 Christi
579 2978 813 3021 mortem
853 2970 1064 3020 imitari.
1117 2969 1212 3020 nisi

230 3043 377 3108 quod
412 3058 512 3093 nec
541 3059 748 3102 manUS,
775 3058 875 3092 nec
902 3041 1070 3107 pedes
1097 3042 1212 3092 eius

230 3113 401 3164 clauis
419 3113 539 3164 sunt
565 3113 732 3174 affixi,
753 3112 863 3164 Sed
887 3113 1015 3162 fune
1042 3113 1212 3178 ligati,

229 3192 288 3236 vt
314 3184 516 3236 diutius
543 3184 865 3250 desyderata
894 3192 1067 3234 morte
1097 3201 1213 3234 cru-

229 3256 472 3306 ciaretur.
537 3256 726 3321 Atque
753 3255 830 3306 ita
856 3263 1081 3306 necatus
1108 3255 1212 3321 pri-

228 3327 316 3378 die
341 3326 596 3378 calendas
625 3327 945 3377 Decembris
970 3346 979 3377 :
1011 3335 1216 3394 marty-

229 3398 289 3466 rij
319 3415 575 3450 coronam
603 3398 835 3464 adeptus
864 3397 951 3450 est.

310 3630 327 3658 ¹
357 3630 503 3674 multa
523 3629 570 3672 in
594 3643 604 3673 :
627 3629 688 3673 R.
712 3630 760 3672 P.
783 3629 837 3672 A.

313 3689 330 3716 ²
362 3689 437 3731 die
458 3701 495 3748 ·.²
520 3688 568 3729 in
592 3701 649 3731 m.

2183 247 2243 301 17
2257 245 2280 300 5

1604 366 1659 422 {I
1700 363 1991 417 December.

1400 500 1455 556 (I
1496 492 1731 548 Bibia'na
1770 497 1923 564 virgo
1962 508 2182 567 martyr.

1616 615 1796 666 Lec‘Zio
1834 615 1954 683 ‚z'ij2.
2109 603 2111 606 ⁵

1394 718 1585 769 Ibiaria
1621 718 1775 784 virgo
1813 719 2100 771 beatorum
2141 738 2279 772 mar-

1426 797 1611 855 tyrum
1677 790 1856 840 Fausti
1920 799 1975 842 et
2039 792 2281 844 Drafosae

1292 859 1417 920 filia,
1444 877 1568 910 cum
1602 869 1890 926 parentum
1918 863 2176 929 exempla
2207 864 2282 914 se-

1291 938 1418 981 cuta
1475 931 1726 997 singulari
1786 933 1991 998 pietate
2049 950 2113 984 ac
2174 934 2281 986 fide

1291 1001 1544 1052 christum
1566 1002 1781 1062 coleret,
1799 1010 1852 1053 et
1874 1004 1987 1054 eius
2009 1013 2282 1072 praecepta

1292 1072 1500 1139 ingenti
1522 1072 1695 1124 studio
1718 1073 1950 1126 seruaret
1977 1074 2189 1142 seseque
2210 1077 2280 1127 ad

1292 1144 1624 1210 euangelicae
1645 1142 1908 1196 doctrinae
1935 1162 2183 1197 normam
2206 1147 2283 1198 ef-

1291 1213 2279 1282 fingere³summoperecontenderet⁴,

1292 1284 1325 1336 a
1378 1286 1591 1336 Iuliano
1649 1287 1976 1353 imperatore
2031 1289 2283 1340 atrocissi-

1293 1374 1385 1407 mo
1413 1357 1821 1408 christianorum
1857 1358 2007 1409 hoste
2037 1376 2283 1426 compre-

1292 1428 1470 1489 hensa,
1504 1445 1567 1479 ac
1606 1428 1801 1479 Fausto
1837 1429 2045 1496 praesidi
2081 1432 2283 1482 tradita

1293 1499 1382 1550 est.
1459 1499 1569 1551 Sed
1601 1499 1687 1549 hic
1715 1516 1838 1550 cum
1865 1517 1986 1551 eam
2019 1501 2089 1552 ad
2125 1502 2284 1554 idolis

1294 1570 1701 1621 sacrificandum
1740 1572 2065 1638 compellere
2092 1590 2282 1640 aggre-

1294 1642 1525 1702 deretur,
1562 1641 1631 1691 ab
1667 1643 1859 1693 eadem
1900 1642 1974 1693 est
2008 1644 2077 1694 ad
2114 1644 2280 1697 fidem

1294 1712 1597 1774 conuersuS,
1633 1712 1921 1779 statimque
1960 1716 2279 1781 martyrium

1293 1783 1557 1834 constanti
1575 1785 1759 1834 animo
1776 1784 1986 1837 subiuit.
2021 1785 2102 1836 At
2121 1787 2282 1839 beata

1292 1855 1446 1920 virgo
1467 1854 1499 1905 a
1520 1855 1731 1905 Iuliano
1752 1856 1883 1906 deos
1904 1857 2130 1921 adorare
2151 1858 2280 1911 iussa

1293 1943 1460 1977 vnum
1479 1926 1642 1976 deum
1662 1928 2016 1987 conditorem,
2036 1929 2281 1980 modera-

1294 2005 1580 2063 toremque
1631 2015 1807 2048 rerum
1853 2000 2098 2049 omnium
2149 2001 2280 2051 ado-

1294 2069 1524 2119 randum
1557 2068 1831 2120 asserebat.
1907 2068 2279 2135 Quamobrem
2369 2111 2373 2115 .

1295 2146 1409 2190 tam
1445 2139 1537 2190 diu
1574 2139 1870 2206 plumbatis
1902 2140 2036 2191 caesa
2067 2142 2154 2204 est,
2182 2144 2283 2194 do-

1295 2227 1393 2260 nec
1420 2210 1734 2276 corpusculo
1766 2211 2136 2263 miserabiliter
2165 2231 2281 2265 cru-

1294 2282 1451 2341 ciat0,
1498 2281 1739 2348 spiritum
1791 2283 1976 2345 emisit,
2027 2284 2281 2349 postridie
2373 2309 2375 2311 “

1296 2353 1551 2403 calendas
1599 2353 1934 2405 Decembris,
2010 2355 2144 2405 Eius
2187 2374 2280 2407 au-

1293 2430 1407 2474 tem
1435 2441 1629 2490 corpus
1657 2423 1688 2474 a
1717 2424 1924 2475 Ioanne
1960 2426 2281 2492 presbytero

1295 2512 1479 2545 romae
1529 2496 1686 2546 iuxta
1736 2495 2001 2561 palatium
2047 2497 2279 2551 Licinia-

1296 2583 1427 2617 num
1455 2566 1723 2632 sepultum
1751 2566 1839 2619 est.

1295 2738 1350 2796 (1
1412 2734 1477 2784 N
1474 2734 1669 2785 icolaus
1716 2734 1971 2801 episeopus
2018 2737 2279 2805 confifflr.

1579 2805 1768 2873 duplex
1803 2807 1914 2858 min
1920 2824 1994 2861 us,

1692 2931 1890 2984 Oratio,

1302 3039 1536 3142 DEUS‚
1577 3038 1670 3105 qui
1721 3039 1943 3091 beatum
1990 3041 2278 3097 Nicolaum

1443 3110 1759 3176 pontificem
1794 3118 1948 3162 tuum
1985 3112 2280 3167 innumeris

1293 3181 1554 3232 decorasti
1588 3182 1860 3232 miraculis
1892 3199 1902 3233 :
1930 3184 2106 3235 tribue
2132 3203 2278 3252 quae-

1295 3254 1474 3303 sumus
1503 3271 1514 3303 :
1546 3260 1605 3304 vt
1635 3253 1749 3303 eius
1777 3254 1994 3315 meritiS,
2022 3263 2076 3306 et
2111 3259 2279 3322 preci-

1294 3325 1397 3376 bus
1424 3323 1455 3374 a
1490 3323 1757 3389 gehennae
1793 3324 2055 3393 incendijs
2091 3327 2280 3380 libere-

1296 3412 1418 3446 mur
1449 3415 1459 3446 :
1483 3412 1593 3461 per.

1419 3625 1436 3653 3
1466 3625 1647 3680 effigere
1673 3639 1682 3669 ε
1705 3626 1760 3670 Α.

1415 3683 1432 3710 4
1462 3692 1774 3728 contemneret
1802 3698 1811 3727 :
1834 3686 1888 3728 A.
