2606 4126
344 232 455 286 195

337 330 491 382 tione
521 347 532 382 :
561 345 827 397 magnum
859 329 1070 395 signum
1102 345 1113 380 ε
1146 327 1343 379 mulier

339 402 506 453 illaesa
533 419 765 454 manens
791 399 996 453 ami&a
1022 400 1143 452 sole.
1209 401 1339 451 Non

338 474 414 525 est
446 474 563 526 rubi
593 481 789 526 natura
815 481 1070 541 opertum
1096 473 1340 539 vndique

338 545 591 607 flammiS,
621 563 842 598 manere
870 546 1226 596 nihilominus
1259 546 1340 595 in-

338 619 684 670 combustum
730 637 741 669 :
792 634 902 668 non
955 616 1197 668 mulieris
1242 634 1338 684 po-

338 691 512 742 tentia
539 699 597 743 vt
625 690 880 741 sustineat
907 689 1029 740 solis
1056 687 1337 741 ami&um.

339 763 468 814 Non
509 763 584 814 est
628 762 848 814 virtutis
891 762 1152 812 humanae
1197 781 1207 813 :
1246 761 1335 812 sed

338 851 438 886 nec
466 833 731 902 angelicae
758 834 982 900 quidem
1018 853 1028 885 :
1059 833 1340 885 sublimior

338 908 597 973 quaedam
625 906 919 958 necessaria
945 905 1035 957 est.
1100 905 1339 973 Spiritus

338 977 554 1031 fanestus
607 977 832 1047 (inquit)
886 977 1231 1045 superueniet
1282 978 1336 1028 in

336 1059 406 1102 te.
476 1052 552 1103 Et
579 1059 847 1118 tanquam
876 1049 1202 1117 respondeat
1230 1048 1337 1111 illa,

338 1123 620 1191 Quoniam
666 1123 885 1191 spiritus
932 1122 1008 1174 est
1053 1122 1190 1174 deus
1230 1141 1241 1173 :
1281 1129 1337 1174 et

336 1197 473 1247 deus
510 1195 690 1247 noster
724 1195 866 1262 ignis
894 1194 1219 1246 consumens
1247 1194 1337 1247 est.

335 1268 525 1320 Virtus
558 1265 702 1334 (ait¹)
733 1284 843 1318 non
882 1284 1020 1329 mea,
1047 1283 1158 1317 non
1194 1274 1291 1318 tua
1326 1285 1337 1319 ε

335 1340 426 1391 sed
496 1339 729 1392 altisfimi
799 1338 1154 1390 obumbrabit
1222 1340 1336 1391 tibi.

336 1412 493 1464 Nihil
539 1412 725 1479 itaque
771 1412 971 1462 mirum
1016 1410 1052 1461 fi
1099 1411 1194 1462 sub
1239 1412 1336 1463 tali

335 1483 750 1547 obumbracu10‚
780 1483 906 1535 talis
946 1483 1115 1535 etiam
1153 1482 1186 1535 a
1221 1501 1339 1535 mu-

334 1557 465 1609 liere
491 1556 812 1609 sustineatur
837 1553 1085 1608 amif'ms,

336 1728 392 1786 (Ι
420 1726 471 1777 Α
496 1725 789 1778 natz'uitate
812 1723 1053 1792 virginis
1083 1724 1245 1792 vsque
1266 1725 1345 1778 ad

386 1798 693 1851 aduentum.
734 1815 798 1850 ex
830 1797 1005 1849 eodem
1028 1797 1285 1864 sermone.

485 1893 570 1945 Ihi
629 1893 754 1945 sane
811 1891 1093 1959 fingularis
1151 1892 1338 1945 rutilat

347 1968 376 1998 Α·
517 1965 700 2034 fulgor
741 1983 753 2018 z
794 1966 975 2032 primo
1013 1965 1238 2032 quidem
1282 1966 1337 2017 in

337 2040 531 2091 Mariae
571 2039 926 2106 generatione
959 2057 969 2089 :
1006 2038 1242 2090 secundo
1282 2039 1337 2089 in

335 2112 585 2180 angelica
637 2110 943 2163 visitatione
999 2128 1010 2162 z
1060 2111 1224 2163 tertio
1282 2111 1337 2162 in

336 2184 552 2252 spiritus
615 2183 1037 2251 superuentione
1084 2202 1094 2234 :
1139 2190 1338 2251 quarto

335 2258 390 2309 in
437 2256 532 2324 filij
579 2256 669 2309 dei
714 2255 1061 2308 inenarrabili
1107 2272 1339 2324 concep-

335 2331 502 2383 tione.
559 2328 654 2382 Sic
680 2336 735 2380 et
762 2330 816 2379 in
844 2329 928 2380 his
955 2345 1177 2396 quoque
1204 2328 1336 2381 fide-

336 2419 488 2455 reum
517 2401 682 2470 plane
709 2401 933 2453 irradiat
959 2402 1128 2453 decus
1150 2419 1160 2452 :
1187 2401 1336 2468 quod

335 2474 667 2542 virginitatis
688 2473 996 2541 primiceria
1021 2490 1031 2524 ε
1052 2474 1200 2540 quod
1230 2474 1338 2525 sine

337 2547 688 2615 corruptione
723 2546 984 2598 foecunda
1011 2565 1023 2597 :
1049 2546 1199 2612 quod
1228 2546 1339 2597 fine

338 2619 660 2688 grauamine
701 2619 933 2686 grauida
972 2637 983 2669 ε
1034 2618 1183 2685 quod
1228 2618 1337 2670 fine

338 2692 528 2745 dolore
584 2708 865 2759 puerpera.
962 2689 1337 2742 Nihilominus

337 2766 504 2818 etiam
533 2763 751 2831 speciali
779 2762 1022 2831 quodam
1051 2761 1339 2830 splendore

338 2839 392 2891 in
454 2837 633 2889 Maria
688 2835 972 2888 coruscant
1031 2835 1340 2887 mansuetu-

338 2911 411 2962 do
474 2909 714 2977 pudoriS,
773 2907 999 2960 deuotio
1058 2907 1339 2960 humilita-

337 2984 408 3036 tis
444 2999 455 3034 :
491 2981 919 3049 magnanimitas
951 2980 1290 3032 credulitatis
1327 2998 1338 3032 :

340 3054 664 3122 martyrium
704 3053 898 3105 cordis
973 3052 1181 3104 Vestrae
1220 3053 1340 3120 qui-

338 3129 466 3180 dem
499 3125 801 3178 sedulitatis
836 3125 939 3177 erit
968 3124 1178 3193 singula
1208 3142 1340 3192 que-

339 3217 446 3268 que
485 3198 806 3265 diligentius
845 3197 1057 3259 intueri,
1099 3198 1220 3249 Nos
1259 3198 1340 3249 in-

339 3273 499 3325 terim
560 3270 863 3323 satisfecisse
924 3270 1249 3333 videbimur,
1303 3270 1339 3321 si

339 3345 579 3396 breuiter
618 3360 684 3394 ea
728 3343 1070 3411 potuerimus
1111 3343 1339 3394 demon·

339 3417 516 3470 strare.
594 3413 759 3483 Quod
788 3431 919 3482 ergo
946 3414 1212 3466 fidereum
1241 3416 1341 3466 mi-

339 3496 429 3541 cat
447 3490 502 3540 in
520 3488 878 3556 generatione
897 3487 1091 3538 Mariae
1112 3487 1130 3538 ?
1171 3486 1340 3539 Plane

339 3561 488 3629 quod
537 3578 610 3612 ex
654 3560 873 3627 regibus
912 3566 1033 3611 orta
1072 3559 1221 3627 quod
1268 3577 1340 3611 ex

720 3766 735 3793 1
769 3766 955 3823 (inquit)
983 3783 992 3809 ε
1017 3769 1063 3811 Ρ.
1089 3768 1143 3809 Α.

799 235 941 276 OFFI
942 235 1006 275 CI
1010 236 1103 275 VM
1132 235 1257 274 BEA
1271 233 1312 274 T
1303 233 1369 273 AE
1406 233 1636 274 MARJAE
1683 235 1784 275 VIR
1791 235 1970 276 GINIS.

1429 326 1631 379 semine
1668 328 1891 380 abrahae
1927 348 1938 380 :
1977 330 2127 396 quod
2167 330 2428 397 generosa

1428 416 1500 450 ex
1537 400 1929 468 stirpeDauid,
1956 401 1991 452 fi
2028 403 2083 453 id
2119 419 2314 469 parum
2349 403 2429 454 vi-

1426 472 1588 523 detur
1636 488 1648 524 :
1693 473 1839 524 adde
1884 474 2033 540 quod
2084 473 2427 541 generationi

1425 543 1502 594 illi
1524 544 1596 609 ob
1618 544 1885 612 singulare
1906 545 2254 613 priuilegium
2277 545 2427 598 sanc-

1425 616 1615 680 utatis,
1631 618 1898 668 diuinitus
1919 617 2156 669 noscitur
2175 617 2280 669 esse
2300 634 2429 669 con-

1425 688 1565 739 cessa
1605 708 1616 740 :
1654 690 1803 756 quod
1850 689 2016 756 longe
2054 697 2185 741 ante
2223 689 2426 741 eisdem
2485 691 2487 694 ’
2544 668 2606 760 ’ἶ

1424 760 1671 826 patribus
1683 761 1899 812 coelitus
1915 762 2229 829 repromissa
2247 781 2258 813 ε
2275 763 2424 829 quod

1425 832 1666 899 mysticis
1706 832 2059 901 praefigurata
2098 834 2374 885 miraculis
2415 853 2427 886 τ

1424 906 1573 971 quod
1614 904 1848 957 oraculis
1887 906 2265 973 praenunciata
2302 922 2426 973 pro·

1423 977 1672 1044 pheticiS.
1763 978 1929 1029 Hanc
1980 978 2127 1029 enim
2179 978 2427 1030 sacerdo-

1422 1049 1549 1101 talis
1588 1051 1744 1117 virga
1782 1051 1916 1102 dum
1959 1049 2068 1102 fine
2107 1051 2289 1102 radice
2327 1049 2427 1101 flo-

1423 1122 1531 1173 ruit
1563 1141 1573 1172 :
1604 1121 1747 1173 hanc
1777 1121 2055 1174 Gedeonis
2082 1121 2255 1174 vellus
2290 1123 2423 1174 dum

1424 1194 1479 1245 in
1532 1195 1716 1246 medio
1761 1195 1911 1245 siccae
1956 1211 2099 1246 areae
2145 1195 2359 1246 maduit
2411 1213 2422 1245 :

1422 1265 1566 1317 hanc
1602 1267 1657 1317 in
1687 1266 1991 1318 Ezechielis
2017 1267 2219 1318 vifione
2247 1267 2423 1318 orien-

1423 1337 1549 1390 talis
1595 1347 1771 1406 porta,
1816 1356 1942 1406 quae
1992 1338 2127 1390 nulli
2179 1355 2423 1407 vnquam

1423 1411 1605 1494 patuit
1655 1411 2036 1479 praesignabat.
2119 1412 2283 1463 Hanc
2330 1411 2426 1463 de-

1422 1483 1590 1551 nique
1606 1501 1719 1551 prae
1741 1484 1952 1535 caeteris
1976 1483 2142 1535 Isaias
2160 1500 2306 1535 nunc
2321 1484 2426 1536 vir-

1420 1572 1552 1624 gam
1569 1557 1639 1608 de
1657 1556 1840 1608 radice
1860 1556 1994 1607 Iesse
2014 1556 2276 1608 orituram
2300 1572 2424 1639 pro-

1423 1628 1699 1690 mittebat,
1733 1645 1880 1680 nunc
1915 1629 2227 1680 euidentius
2261 1628 2423 1695 virgi-

1424 1717 1551 1752 nem
1585 1701 1901 1768 parituram.
1982 1701 2185 1753 Merito
2212 1701 2422 1768 fignum

1422 1773 1528 1825 hoc
1560 1790 1826 1841 magnum
1862 1774 1918 1826 in
1950 1773 2094 1825 coelo
2120 1772 2426 1841 apparuisse

1423 1845 1671 1898 scribitur
1719 1863 1730 1898 z
1775 1845 1923 1913 quod
1973 1853 2133 1898 tanto
2178 1853 2308 1897 ante
2354 1846 2424 1897 de

1423 1919 1567 1970 coelo
1613 1918 1850 1970 noscitur
1896 1918 2047 1969 fuisse
2091 1917 2424 1985 promissum.

1426 1992 1701 2043 Dominus
1749 1990 1871 2059 (ait)
1918 1991 2029 2058 ipse
2067 1991 2223 2042 dabit
2267 1990 2426 2042 vobis

1423 2063 1633 2130 signum
1705 2064 1850 2115 Ecce
1917 2063 2071 2130 virgo
2136 2063 2423 2130 concipiet.

1425 2137 1697 2204 Magnum
1726 2134 1974 2204 profe&o
2001 2135 2212 2202 signum
2236 2135 2424 2187 dedit:

1423 2209 1555 2276 quia
1581 2216 1636 2260 et
1665 2225 1898 2276 magnus
1926 2208 2037 2276 ipse
2063 2209 2156 2276 qui
2183 2208 2354 2260 dedit.

1423 2417 1478 2475 (s
1531 2413 1726 2466 Finita
1770 2412 1932 2537 teg-ze
1975 2409 2189 2464 leHz'one
2216 2410 2428 2478 semper

1859 2493 2034 2537 zcztztr.

1495 2602 1578 2654 Te
1616 2602 1782 2654 deum
1824 2601 2131 2654 laudamus
2156 2601 2239 2669 s0.
2279 2599 2341 2667 4²

1423 2782 1479 2839 {[
1516 2778 1620 2830 Ad
1651 2777 1848 2838 lauda,
1892 2777 2147 2840 Tertiam,
2187 2776 2422 2838 Sextam,

1494 2852 1730 2912 Nonam,
1780 2858 1832 2902 et
1894 2849 2168 2917 Vesperam
2221 2849 2279 2901 in
2327 2848 2422 2900 ad-

1495 2931 1655 2975 uentu
1682 2923 1894 2975 dicitnr.
1974 2921 2179 2975 Oratio,

1428 3052 1659 3155 DEuS,
1688 3052 1783 3119 qui
1811 3051 1880 3102 de
1912 3051 2073 3103 beate
2101 3051 2295 3103 Mariae
2321 3053 2426 3103 vir-

1562 3125 1705 3192 ginis
1746 3131 1901 3176 vtero
1944 3140 1955 3175 z
1992 3124 2220 3175 verbum
2266 3132 2422 3176 tuum

1425 3197 1627 3264 angelo
1687 3198 1985 3248 nunciante
2037 3213 2258 3248 carnem
2319 3195 2423 3247 sus-

1426 3270 1606 3337 cipere
1655 3268 1870 3321 voluisti
1913 3283 1924 3315 ε
1981 3268 2175 3336 praesta
2226 3268 2425 3336 suppli-

1427 3343 1582 3394 cibus
1633 3342 1742 3393 tuis
1791 3359 1802 3393 :
1853 3349 1929 3402 vt,
1978 3342 2072 3408 qui
2123 3358 2249 3392 vere
2300 3357 2423 3392 eam

1426 3415 1749 3482 genitricem
1800 3413 1889 3465 dei
1942 3414 2215 3465 credimus
2256 3433 2266 3465 :
2310 3413 2426 3464 eius
2475 3464 2478 3467 ,

1427 3486 1576 3554 apud
1612 3494 1669 3538 te
1704 3485 2166 3538 intercessionibus
2201 3486 2426 3537 adiuue-

1428 3575 1552 3610 mur
1579 3579 1589 3609 ε
1616 3576 1712 3626 per
1738 3559 1990 3610 eundern.

1602 3765 1618 3792 '2
1649 3768 1758 3809 vide
1778 3780 1820 3823 p.
1849 3763 1882 3811 i.
