2606 4126
964 223 1178 264 INDEX
1213 224 1327 264 ΘΚΑ
1340 222 1404 262 TI
1405 223 1493 263 ΟΝ
1491 222 1594 263 UM

253 319 455 371 Populum
491 324 605 360 tuum
647 332 889 372 quaesumus
934 319 1101 360 domine
1144 332 1239 372 pro-

305 372 430 424 pitius
448 372 604 425 respice
622 378 663 413 et
682 385 785 425 quos
803 373 857 412 ab
876 373 992 422 escis,
1014 384 1067 424 50

254 425 419 465 Praesta
436 425 602 466 domine
622 426 810 466 fidelibus
827 426 922 474 tuis,
943 439 992 476 42

254 478 420 518 Praesta
445 479 565 518 nobis
594 492 838 531 quaesumus
861 480 1026 519 domine
1045 478 1240 518 auxilium

305 531 461 582 gratiae
480 538 587 580 tuae,
614 543 666 582 50

254 583 418 623 Praesta
445 585 564 624 nobis
592 597 838 637 quaesumus
865 584 1032 624 domine
1058 590 1103 625 ut
1133 584 1239 624 salu-

305 637 459 676 taribus
478 638 636 677 ieiuniis
651 638 812 683 eruditi,
834 649 880 688 51

252 689 417 729 Praesta
462 703 705 742 quaesumus
749 691 1008 743 omnipotens
1052 691 1154 730 deus
1195 695 1242 730 ut

304 743 482 794 dignitas
501 744 747 783 conditionis
764 744 983 792 humanae,
1009 754 1057 793 55

253 795 420 835 Praesta
457 809 701 848 quaesumus
747 798 1007 848 omnipotens
1050 797 1151 836 deus
1195 801 1241 836 ut

306 848 461 888 familia
479 856 549 889 tua
568 862 687 903 quae
692 862 735 889 se
753 849 984 901 affligendo,
1006 861 1058 900 49

255 902 421 941 Praesta
439 915 681 954 quaesumus
707 903 965 954 omnipotens
990 903 1090 942 deus
1114 908 1159 942 ut
1179 901 1239 942 in-

307 956 540 995 tercedente
558 956 681 995 beato
701 955 772 1004 N.,
802 958 874 1006 185

257 1008 424 1047 Praesta
460 1021 703 1060 quaesumus
743 1009 1003 1060 omnipotens
1049 1008 1149 1048 deus
1195 1014 1240 1048 ut

305 1061 609 1101 observationes
627 1074 761 1101 sacras
780 1075 948 1107 annuas,
972 1072 1021 1111 52

254 1114 419 1153 Praesta
438 1127 682 1166 quaesumus
700 1114 959 1166 omnipotens
979 1115 1078 1154 deus
1098 1120 1142 1154 ut
1170 1114 1240 1167 qui

304 1168 503 1218 gloriosos
523 1174 732 1219 martyres,
758 1182 772 1207 1
784 1180 831 1220 19

254 1220 420 1260 Praesta
445 1234 688 1272 quaesumus
708 1222 968 1272 omnipotens
988 1221 1087 1261 deus
1105 1227 1150 1260 ut
1169 1221 1240 1273 qui

305 1274 453 1313 nostris
472 1275 701 1314 excessibus
720 1274 978 1323 incessanter,
1001 1274 1051 1322 56

254 1327 421 1367 Praesta
440 1341 683 1379 quaesumus
701 1327 962 1380 omnipotens
981 1328 1081 1367 deus
1105 1333 1149 1367 ut
1170 1328 1241 1380 qui

306 1380 515 1432 paschalia
533 1381 647 1429 festa,
673 1381 721 1422 61

254 1434 421 1473 Praesta
446 1447 689 1486 quaesumus
709 1434 970 1486 omnipotens
989 1434 1089 1473 deus
1107 1439 1151 1473 ut
1171 1434 1241 1486 qui

305 1493 539 1527 sanctorum
563 1491 787 1540 martyrum
815 1493 978 1527 tuorum
1002 1488 1179 1527 Cosmae
1199 1493 1240 1527 et

306 1541 514 1589 Damiani,
544 1543 619 1591 158

253 1594 420 1634 Praesta
442 1607 686 1646 quaesumus
707 1594 967 1645 omnipotens
985 1594 1086 1633 deus
1106 1600 1149 1632 ut
1169 1593 1241 1646 qui

304 1653 539 1687 sanctorum
570 1654 794 1699 martyrum
831 1654 992 1687 tuorum
1031 1647 1161 1686 Marci
1199 1653 1240 1687 et

306 1701 578 1747 Marcelliani,
604 1714 680 1753 134

254 1754 421 1794 Praesta
445 1767 689 1806 quaesumus
708 1753 968 1805 omnipotens
987 1754 1087 1793 deus
1106 1759 1150 1792 ut
1169 1754 1240 1805 qui

303 1814 536 1847 sanctorum
558 1814 782 1859 martyrum
803 1807 992 1859 Tyburtii
1011 1807 1235 1855 Valeriani,

314 1875 328 1900 1
339 1875 388 1911 ²4

254 1915 422 1954 Praesta
458 1927 703 1966 quaesumus
746 1914 1006 1965 omnipotens
1049 1914 1149 1953 deus
1195 1919 1240 1954 ut

306 1981 407 2019 quos
429 1968 580 2007 ieiunia
600 1967 735 2007 votiva
754 1968 965 2019 castigant,
992 1978 1041 2018 53

252 2021 397 2060 Preces
423 2027 580 2060 nostras
606 2034 851 2073 quaesumus
877 2021 1042 2067 domine
1064 2020 1240 2060 clemen·

304 2081 365 2114 ter
384 2075 531 2114 exaudi
550 2081 672 2126 atque
691 2088 715 2114 a
734 2087 785 2125 pe
788 2080 1006 2122 ccatorum,
1031 2088 1079 2124 41

251 2129 396 2167 Preces
412 2134 567 2167 nostras
579 2141 822 2180 quaesumus
837 2128 1003 2167 domine
1018 2128 1240 2167 clementer

302 2181 451 2221 exaudi
470 2187 510 2221 et
530 2188 671 2221 eontra
689 2187 835 2221 cuncta
854 2181 985 2227 nobis,
1008 2183 1059 2231 48

2215 224 2312 276 199

1323 319 1482 358 Preces
1501 317 1644 369 populi
1676 318 1733 357 tui
1763 331 2006 370 quaesumus
2038 320 2204 362 domine
2227 324 2307 364 cle-

1376 375 1536 410 menter
1555 370 1702 410 exaudi
1721 377 1765 410 ut
1784 371 1894 411 beati
1914 373 2117 422 Marcelli,
2146 375 2220 416 106

1324 424 1469 464 Preces
1498 423 1642 475 populi
1676 424 1734 463 tui
1763 437 2007 476 quaesumus
2035 426 2200 467 domine
2228 429 2307 468 cle·

1374 482 1532 517 menter
1551 477 1699 516 exaudi
1717 482 1762 516 ut
1786 477 1857 529 qui
1880 477 1984 518 iuste
2008 491 2085 530 pro
2112 482 2306 532 peccatis,

1323 543 1551 643 Pr0193itiare
1575 582 1742 622 domine
1770 583 2135 635 supplicationibus
2162 588 2312 628 nostris

1375 641 1416 675 et
1435 635 1676 682 animarum,
1701 649 1753 689 49

1323 688 1564 728 Protector
1554 701 1596 727 m
1617 694 1656 727 te
1675 689 1942 750 sperantium,
1965 690 2015 740 76

1323 741 1580 803 Quaesumus
1600 742 1861 794 omnipotens
1876 743 1975 783 deus
1988 743 2184 784 familiam
2198 752 2310 786 tuam

1377 795 1590 846 propitius,
1616 805 1666 845 54

1323 847 1581 898 Quaesumus
1613 848 1873 899 omnipotens
1910 849 2010 889 deus
2050 856 2144 890 vota
2179 851 2311 891 humi·

1368 901 1468 940 lium
1486 901 1642 952 respice
1661 907 1783 952 atque
1801 902 1867 947 ad,
1891 915 1941 952 50

1324 954 1581 1004 Quaesumus
1610 955 1870 1006 omnipotens
1898 956 1998 994 deus
2020 961 2064 996 ut
2090 970 2165 996 nos
2183 958 2310 1009 gemi-

1377 1014 1474 1046 nata
1493 1007 1661 1052 laetitia,
1688 1018 1760 1058 137

1325 1061 1501 1111 Respice
1529 1061 1695 1100 domine
1720 1060 1918 1100 familiam
1944 1066 2056 1101 tuam
2076 1038 2114 1102 et
2135 1070 2310 1115 praesta,

1325 1166 1502 1218 Respice
1548 1179 1792 1218 quaesumus
1838 1167 2005 1208 domine
2048 1182 2168 1220 super
2205 1170 2312 1210 hanc

1377 1219 1574 1259 familiam
1594 1227 1719 1269 tuam,
1743 1231 1791 1270 57

1326 1273 1476 1313 Sacrae
1503 1273 1622 1312 nobis
1634 1286 1894 1335 *quaesumus
1926 1274 2092 1314 domine
2123 1276 2311 1315 observa-

1377 1326 1500 1366 tionis
1519 1327 1670 1366 ieiunia
1690 1333 1729 1366 et
1749 1327 1828 1378 pie,
1853 1338 1901 1376 52

1325 1379 1547 1419 Sanctifica
1586 1393 1830 1432 quaesumus
1869 1379 2035 1420 domine
2080 1388 2220 1421 nostra
2255 1382 2310 1421 ie·

1377 1433 1486 1471 iunia
1506 1440 1545 1472 et
1565 1439 1813 1481 cunctarum,
1840 1445 1890 1484 54

1324 1486 1587 1526 Sanctificato
1606 1487 1683 1526 hoc
1696 1487 1848 1526 ieiunio
1863 1487 1964 1526 deus
1983 1493 2144 1526 tuorum
2169 1489 2306 1536 corda,

1324 1593 1462 1632 Sancti
1484 1593 1653 1632 Ioannis
1670 1593 1892 1645 Baptistae,
1921 1605 1989 1643 151

1323 1646 1462 1685 Sancti
1481 1647 1659 1685 nominis
1678 1647 1736 1685 tui
1756 1647 1922 1685 domine
1942 1647 2143 1694 timorem,
2171 1645 2218 1697 76

1324 1699 1521 1750 Spiritum
1549 1700 1668 1739 nobis
1694 1701 1859 1739 domine
1889 1707 1983 1739 tuae
2012 1700 2220 1739 charitatis
2249 1702 2309 1740 in-

1376 1753 1512 1799 funde,
1540 1755 1589 1803 58

1324 1806 1562 1846 Subiectum
1581 1806 1655 1845 tibi
1671 1807 1868 1858 populum
1883 1819 2125 1858 quaesumus
2145 1807 2312 1846 domine

1376 1860 1627 1911 propitiatio,
1649 1872 1696 1908 51

1322 1913 1413 1951 Tua
1432 1926 1507 1951 nos
1526 1926 1770 1964 quaesumus
1791 1913 1956 1952 domine
1971 1912 2115 1964 gratia,
2137 1926 2185 1967 91

1325 1966 1440 2005 Ure'
1431 1980 1524 2018 igne
1544 1967 1673 2005 sancti
1693 1966 1856 2017 spiritus
1877 1979 2004 2010 renes,
2026 1965 2077 2020 46

1322 2019 1456 2058 Visita
1475 2033 1718 2071 quaesumus
1738 2020 1903 2058 domine
1922 2015 2232 2067 habitationem,
2258 2033 2278 2058 2
2286 2031 2306 2070 5

1322 2074 1433 2113 Vota
1461 2087 1704 2125 quaesumus
1737 2073 1903 2111 domine
1940 2073 2206 2124 supplicantis
2236 2086 2308 2125 po-

1375 2127 1462 2178 puli
1482 2127 1661 2174 coelesti,
1689 2139 1748 2177 31,
1773 2129 1822 2177 38
