<?xml version="1.0" encoding="UTF-8"?>
<!DOCTYPE html PUBLIC "-//W3C//DTD XHTML 1.0 Transitional//EN"
    "http://www.w3.org/TR/xhtml1/DTD/xhtml1-transitional.dtd">
<html xmlns="http://www.w3.org/1999/xhtml" xml:lang="en" lang="en">
 <head>
  <title>
</title>
<meta http-equiv="Content-Type" content="text/html;charset=utf-8" />
  <meta name='ocr-system' content='tesseract 3.04.00' />
  <meta name='ocr-capabilities' content='ocr_page ocr_carea ocr_par ocr_line ocrx_word'/>
</head>
<body>
  <div class='ocr_page' id='page_1' title='image "./secondrecensiono00cathuoft_0167.png"; bbox 0 0 2560 4134; ppageno 0'>
   <div class='ocr_carea' id='block_1_1' title="bbox 0 0 44 3750">
    <p class='ocr_par' dir='ltr' id='par_1_1' title="bbox 0 0 44 3750">
     <span class='ocr_line' id='line_1_1' title="bbox 0 0 44 3750; baseline 0 0"><span class='ocrx_word' id='word_1_1' title='bbox 0 0 44 3750; x_wconf 95' lang='lat' dir='ltr'> </span> 
     </span>
    </p>
   </div>
   <div class='ocr_carea' id='block_1_2' title="bbox 1041 254 1403 296">
    <p class='ocr_par' dir='ltr' id='par_1_2' title="bbox 1041 254 1403 296">
     <span class='ocr_line' id='line_1_2' title="bbox 1041 254 1403 296; baseline 0.003 -2"><span class='ocrx_word' id='word_1_2' title='bbox 1041 254 1163 295; x_wconf 89' lang='lat' dir='ltr'>IAN</span> <span class='ocrx_word' id='word_1_3' title='bbox 1164 254 1241 295; x_wconf 87' lang='lat' dir='ltr'>UA</span> <span class='ocrx_word' id='word_1_4' title='bbox 1249 255 1322 294; x_wconf 80' lang='lat' dir='ltr'>Rl</span> <span class='ocrx_word' id='word_1_5' title='bbox 1323 255 1403 296; x_wconf 81' lang='lat' dir='ltr'>US.</span> 
     </span>
    </p>
   </div>
   <div class='ocr_carea' id='block_1_3' title="bbox 200 345 1204 486">
    <p class='ocr_par' dir='ltr' id='par_1_3' title="bbox 200 345 1204 486">
     <span class='ocr_line' id='line_1_3' title="bbox 201 345 1204 416; baseline -0.003 -16"><span class='ocrx_word' id='word_1_6' title='bbox 201 349 488 416; x_wconf 87' lang='lat' dir='ltr'>euangelij‚</span> <span class='ocrx_word' id='word_1_7' title='bbox 534 349 593 402; x_wconf 84' lang='lat' dir='ltr'>Si</span> <span class='ocrx_word' id='word_1_8' title='bbox 633 347 733 400; x_wconf 54' lang='lat' dir='ltr'>vis?</span> <span class='ocrx_word' id='word_1_9' title='bbox 760 345 1037 415; x_wconf 61' lang='lat' dir='ltr'>perfeofi&#39;tus</span> <span class='ocrx_word' id='word_1_10' title='bbox 1083 348 1204 398; x_wconf 91' lang='lat' dir='ltr'>esse·</span> 
     </span>
     <span class='ocr_line' id='line_1_4' title="bbox 200 416 1202 486; baseline -0.003 -16"><span class='ocrx_word' id='word_1_11' title='bbox 200 422 376 471; x_wconf 86' lang='lat' dir='ltr'>vende</span> <span class='ocrx_word' id='word_1_12' title='bbox 414 421 612 482; x_wconf 90' lang='lat' dir='ltr'>omnia,</span> <span class='ocrx_word' id='word_1_13' title='bbox 646 432 771 486; x_wconf 81' lang='lat' dir='ltr'>qua:</span> <span class='ocrx_word' id='word_1_14' title='bbox 801 416 994 480; x_wconf 49' lang='lat' dir='ltr'>habes</span> <span class='ocrx_word' id='word_1_15' title='bbox 1022 425 1078 470; x_wconf 89' lang='lat' dir='ltr'>et</span> <span class='ocrx_word' id='word_1_16' title='bbox 1115 419 1202 469; x_wconf 66' lang='lat' dir='ltr'>da,</span> 
     </span>
    </p>
   </div>
   <div class='ocr_carea' id='block_1_4' title="bbox 198 487 1191 2475">
    <p class='ocr_par' dir='ltr' id='par_1_4' title="bbox 198 487 1191 2475">
     <span class='ocr_line' id='line_1_5' title="bbox 201 487 1189 557; baseline -0.002 -16"><span class='ocrx_word' id='word_1_17' title='bbox 201 491 546 557; x_wconf 83' lang='lat' dir='ltr'>pauperibuS,</span> <span class='ocrx_word' id='word_1_18' title='bbox 593 490 745 542; x_wconf 89' lang='lat' dir='ltr'>velut</span> <span class='ocrx_word' id='word_1_19' title='bbox 793 507 858 540; x_wconf 91' lang='lat' dir='ltr'>ea</span> <span class='ocrx_word' id='word_1_20' title='bbox 894 487 1004 540; x_wconf 69' lang='lat' dir='ltr'>fibi</span> <span class='ocrx_word' id='word_1_21' title='bbox 1058 497 1189 540; x_wconf 92' lang='lat' dir='ltr'>tunc</span> 
     </span>
     <span class='ocr_line' id='line_1_6' title="bbox 199 558 1190 628; baseline -0.002 -16"><span class='ocrx_word' id='word_1_22' title='bbox 199 561 562 628; x_wconf 83' lang='lat' dir='ltr'>peculiariter.</span> <span class='ocrx_word' id='word_1_23' title='bbox 587 558 736 613; x_wconf 58' lang='lat' dir='ltr'>dicta</span> <span class='ocrx_word' id='word_1_24' title='bbox 790 561 1190 626; x_wconf 50' lang='lat' dir='ltr'>interpretatus</span> 
     </span>
     <span class='ocr_line' id='line_1_7' title="bbox 200 626 1189 699; baseline -0.003 -16"><span class='ocrx_word' id='word_1_25' title='bbox 200 631 454 683; x_wconf 91' lang='lat' dir='ltr'>omnibus</span> <span class='ocrx_word' id='word_1_26' title='bbox 499 631 602 683; x_wconf 92' lang='lat' dir='ltr'>suis</span> <span class='ocrx_word' id='word_1_27' title='bbox 645 631 1045 699; x_wconf 81' lang='lat' dir='ltr'>posseffionibus</span> <span class='ocrx_word' id='word_1_28' title='bbox 1086 626 1189 681; x_wconf 54' lang='lat' dir='ltr'>dis*-</span> 
     </span>
     <span class='ocr_line' id='line_1_8' title="bbox 198 700 1188 769; baseline -0.003 -15"><span class='ocrx_word' id='word_1_29' title='bbox 198 700 402 766; x_wconf 71' lang='lat' dir='ltr'>traffls,</span> <span class='ocrx_word' id='word_1_30' title='bbox 450 703 684 769; x_wconf 91' lang='lat' dir='ltr'>pretium</span> <span class='ocrx_word' id='word_1_31' title='bbox 734 702 1002 753; x_wconf 89' lang='lat' dir='ltr'>distribuit</span> <span class='ocrx_word' id='word_1_32' title='bbox 1056 719 1188 768; x_wconf 91' lang='lat' dir='ltr'>pau-</span> 
     </span>
     <span class='ocr_line' id='line_1_9' title="bbox 199 772 1190 840; baseline -0.002 -16"><span class='ocrx_word' id='word_1_33' title='bbox 199 774 433 840; x_wconf 82' lang='lat' dir='ltr'>peribuS‚</span> <span class='ocrx_word' id='word_1_34' title='bbox 478 773 695 840; x_wconf 86' lang='lat' dir='ltr'>ipseque</span> <span class='ocrx_word' id='word_1_35' title='bbox 733 774 786 823; x_wconf 91' lang='lat' dir='ltr'>in</span> <span class='ocrx_word' id='word_1_36' title='bbox 825 772 1030 823; x_wconf 91' lang='lat' dir='ltr'>vastam</span> <span class='ocrx_word' id='word_1_37' title='bbox 1076 772 1190 822; x_wconf 83' lang='lat' dir='ltr'>Ae-</span> 
     </span>
     <span class='ocr_line' id='line_1_10' title="bbox 198 843 1189 911; baseline -0.003 -16"><span class='ocrx_word' id='word_1_38' title='bbox 198 844 357 911; x_wconf 91' lang='lat' dir='ltr'>gypti</span> <span class='ocrx_word' id='word_1_39' title='bbox 403 844 745 895; x_wconf 87' lang='lat' dir='ltr'>solitudinem</span> <span class='ocrx_word' id='word_1_40' title='bbox 789 844 1004 896; x_wconf 84' lang='lat' dir='ltr'>receffit.</span> <span class='ocrx_word' id='word_1_41' title='bbox 1079 843 1189 893; x_wconf 90' lang='lat' dir='ltr'>Vbi</span> 
     </span>
     <span class='ocr_line' id='line_1_11' title="bbox 200 913 1189 981; baseline -0.001 -16"><span class='ocrx_word' id='word_1_42' title='bbox 200 931 367 981; x_wconf 92' lang='lat' dir='ltr'>quam</span> <span class='ocrx_word' id='word_1_43' title='bbox 393 915 655 981; x_wconf 89' lang='lat' dir='ltr'>plurimos</span> <span class='ocrx_word' id='word_1_44' title='bbox 681 931 855 966; x_wconf 90' lang='lat' dir='ltr'>annos</span> <span class='ocrx_word' id='word_1_45' title='bbox 888 913 1189 964; x_wconf 88' lang='lat' dir='ltr'>incredibili</span> 
     </span>
     <span class='ocr_line' id='line_1_12' title="bbox 200 983 1188 1052; baseline -0.001 -16"><span class='ocrx_word' id='word_1_46' title='bbox 200 985 522 1052; x_wconf 87' lang='lat' dir='ltr'>parfimonia</span> <span class='ocrx_word' id='word_1_47' title='bbox 571 992 627 1036; x_wconf 91' lang='lat' dir='ltr'>et</span> <span class='ocrx_word' id='word_1_48' title='bbox 681 983 967 1046; x_wconf 70' lang='lat' dir='ltr'>san&amp;itate</span> <span class='ocrx_word' id='word_1_49' title='bbox 1017 986 1188 1035; x_wconf 90' lang='lat' dir='ltr'>vitam</span> 
     </span>
     <span class='ocr_line' id='line_1_13' title="bbox 199 1055 1190 1122; baseline -0.001 -15"><span class='ocrx_word' id='word_1_50' title='bbox 199 1057 350 1122; x_wconf 85' lang='lat' dir='ltr'>gessit</span> <span class='ocrx_word' id='word_1_51' title='bbox 375 1057 471 1107; x_wconf 84' lang='lat' dir='ltr'>vix</span> <span class='ocrx_word' id='word_1_52' title='bbox 502 1056 818 1107; x_wconf 81' lang='lat' dir='ltr'><strong>humanam.</strong></span> <span class='ocrx_word' id='word_1_53' title='bbox 856 1055 996 1122; x_wconf 78' lang='lat' dir='ltr'>saepe</span> <span class='ocrx_word' id='word_1_54' title='bbox 1022 1055 1054 1106; x_wconf 78' lang='lat' dir='ltr'>a</span> <span class='ocrx_word' id='word_1_55' title='bbox 1080 1057 1190 1106; x_wconf 81' lang='lat' dir='ltr'>dae-</span> 
     </span>
     <span class='ocr_line' id='line_1_14' title="bbox 201 1125 1189 1194; baseline -0.002 -16"><span class='ocrx_word' id='word_1_56' title='bbox 201 1127 453 1178; x_wconf 88' lang='lat' dir='ltr'>monibus</span> <span class='ocrx_word' id='word_1_57' title='bbox 480 1127 573 1194; x_wconf 86' lang='lat' dir='ltr'>ipfi</span> <span class='ocrx_word' id='word_1_58' title='bbox 605 1125 1017 1178; x_wconf 56' lang='lat' dir='ltr'>sanStimoniam</span> <span class='ocrx_word' id='word_1_59' title='bbox 1054 1127 1189 1178; x_wconf 91' lang='lat' dir='ltr'>inui-</span> 
     </span>
     <span class='ocr_line' id='line_1_15' title="bbox 200 1198 1190 1264; baseline -0.001 -15"><span class='ocrx_word' id='word_1_60' title='bbox 200 1198 455 1249; x_wconf 90' lang='lat' dir='ltr'>dentibus</span> <span class='ocrx_word' id='word_1_61' title='bbox 504 1198 666 1264; x_wconf 89' lang='lat' dir='ltr'>varijs</span> <span class='ocrx_word' id='word_1_62' title='bbox 717 1199 1045 1264; x_wconf 85' lang='lat' dir='ltr'>imaginibus</span> <span class='ocrx_word' id='word_1_63' title='bbox 1109 1199 1190 1248; x_wconf 86' lang='lat' dir='ltr'>in·</span> 
     </span>
     <span class='ocr_line' id='line_1_16' title="bbox 200 1269 1190 1336; baseline 0 -16"><span class='ocrx_word' id='word_1_64' title='bbox 200 1269 436 1320; x_wconf 83' lang='lat' dir='ltr'>festatuS.</span> <span class='ocrx_word' id='word_1_65' title='bbox 485 1286 622 1336; x_wconf 90' lang='lat' dir='ltr'>quos</span> <span class='ocrx_word' id='word_1_66' title='bbox 672 1269 782 1336; x_wconf 90' lang='lat' dir='ltr'>ipse</span> <span class='ocrx_word' id='word_1_67' title='bbox 839 1286 945 1335; x_wconf 87' lang='lat' dir='ltr'>ope</span> <span class='ocrx_word' id='word_1_68' title='bbox 1003 1270 1190 1320; x_wconf 90' lang='lat' dir='ltr'>diuina</span> 
     </span>
     <span class='ocr_line' id='line_1_17' title="bbox 199 1339 1187 1407; baseline -0.001 -16"><span class='ocrx_word' id='word_1_69' title='bbox 199 1339 365 1391; x_wconf 88' lang='lat' dir='ltr'>fretus</span> <span class='ocrx_word' id='word_1_70' title='bbox 393 1348 507 1391; x_wconf 92' lang='lat' dir='ltr'>tam</span> <span class='ocrx_word' id='word_1_71' title='bbox 543 1340 853 1391; x_wconf 89' lang='lat' dir='ltr'>constanter</span> <span class='ocrx_word' id='word_1_72' title='bbox 886 1340 1187 1407; x_wconf 82' lang='lat' dir='ltr'>spernebat,</span> 
     </span>
     <span class='ocr_line' id='line_1_18' title="bbox 199 1409 1189 1478; baseline -0.002 -15"><span class='ocrx_word' id='word_1_73' title='bbox 199 1419 258 1463; x_wconf 90' lang='lat' dir='ltr'>vt</span> <span class='ocrx_word' id='word_1_74' title='bbox 284 1411 542 1478; x_wconf 89' lang='lat' dir='ltr'>conuicijs</span> <span class='ocrx_word' id='word_1_75' title='bbox 569 1419 623 1462; x_wconf 93' lang='lat' dir='ltr'>et</span> <span class='ocrx_word' id='word_1_76' title='bbox 650 1413 758 1462; x_wconf 92' lang='lat' dir='ltr'>iam</span> <span class='ocrx_word' id='word_1_77' title='bbox 794 1419 849 1462; x_wconf 91' lang='lat' dir='ltr'>et</span> <span class='ocrx_word' id='word_1_78' title='bbox 884 1409 1189 1462; x_wconf 67' lang='lat' dir='ltr'>maledicffis</span> 
     </span>
     <span class='ocr_line' id='line_1_19' title="bbox 199 1482 1189 1549; baseline 0 -17"><span class='ocrx_word' id='word_1_79' title='bbox 199 1482 617 1549; x_wconf 88' lang='lat' dir='ltr'>persequeretur,</span> <span class='ocrx_word' id='word_1_80' title='bbox 681 1483 1019 1549; x_wconf 82' lang='lat' dir='ltr'>exprobrans</span> <span class='ocrx_word' id='word_1_81' title='bbox 1085 1483 1189 1533; x_wconf 91' lang='lat' dir='ltr'>illis</span> 
     </span>
     <span class='ocr_line' id='line_1_20' title="bbox 200 1554 1191 1620; baseline -0.001 -16"><span class='ocrx_word' id='word_1_82' title='bbox 200 1554 631 1605; x_wconf 82' lang='lat' dir='ltr'>imbecillitatem</span> <span class='ocrx_word' id='word_1_83' title='bbox 650 1554 702 1603; x_wconf 91' lang='lat' dir='ltr'>in</span> <span class='ocrx_word' id='word_1_84' title='bbox 721 1571 828 1613; x_wconf 82' lang='lat' dir='ltr'>e05‚</span> <span class='ocrx_word' id='word_1_85' title='bbox 846 1571 982 1620; x_wconf 89' lang='lat' dir='ltr'>quos</span> <span class='ocrx_word' id='word_1_86' title='bbox 1004 1554 1191 1604; x_wconf 88' lang='lat' dir='ltr'>diuina</span> 
     </span>
     <span class='ocr_line' id='line_1_21' title="bbox 199 1625 1190 1691; baseline 0 -17"><span class='ocrx_word' id='word_1_87' title='bbox 199 1626 378 1691; x_wconf 88' lang='lat' dir='ltr'>gratia</span> <span class='ocrx_word' id='word_1_88' title='bbox 425 1642 535 1675; x_wconf 91' lang='lat' dir='ltr'>non</span> <span class='ocrx_word' id='word_1_89' title='bbox 585 1625 910 1677; x_wconf 91' lang='lat' dir='ltr'>destituisset.</span> <span class='ocrx_word' id='word_1_90' title='bbox 995 1625 1190 1690; x_wconf 93' lang='lat' dir='ltr'>Itaque</span> 
     </span>
     <span class='ocr_line' id='line_1_22' title="bbox 199 1697 1189 1747; baseline 0 -1"><span class='ocrx_word' id='word_1_91' title='bbox 199 1703 358 1747; x_wconf 91' lang='lat' dir='ltr'>tanto</span> <span class='ocrx_word' id='word_1_92' title='bbox 420 1697 528 1746; x_wconf 91' lang='lat' dir='ltr'>iam</span> <span class='ocrx_word' id='word_1_93' title='bbox 591 1697 778 1746; x_wconf 93' lang='lat' dir='ltr'>terrori</span> <span class='ocrx_word' id='word_1_94' title='bbox 845 1697 1189 1746; x_wconf 76' lang='lat' dir='ltr'>daemonibus</span> 
     </span>
     <span class='ocr_line' id='line_1_23' title="bbox 201 1765 1190 1833; baseline -0.001 -16"><span class='ocrx_word' id='word_1_95' title='bbox 201 1774 317 1818; x_wconf 91' lang='lat' dir='ltr'>erat</span> <span class='ocrx_word' id='word_1_96' title='bbox 344 1767 483 1833; x_wconf 89' lang='lat' dir='ltr'>saepe</span> <span class='ocrx_word' id='word_1_97' title='bbox 518 1765 550 1817; x_wconf 79' lang='lat' dir='ltr'>a</span> <span class='ocrx_word' id='word_1_98' title='bbox 585 1767 636 1818; x_wconf 91' lang='lat' dir='ltr'>se</span> <span class='ocrx_word' id='word_1_99' title='bbox 669 1765 912 1827; x_wconf 69' lang='lat' dir='ltr'>deuiffis,</span> <span class='ocrx_word' id='word_1_100' title='bbox 941 1774 999 1818; x_wconf 87' lang='lat' dir='ltr'>vt</span> <span class='ocrx_word' id='word_1_101' title='bbox 1033 1767 1190 1817; x_wconf 92' lang='lat' dir='ltr'>multi</span> 
     </span>
     <span class='ocr_line' id='line_1_24' title="bbox 200 1837 1189 1904; baseline 0 -16"><span class='ocrx_word' id='word_1_102' title='bbox 200 1854 299 1903; x_wconf 90' lang='lat' dir='ltr'>per</span> <span class='ocrx_word' id='word_1_103' title='bbox 347 1837 674 1904; x_wconf 87' lang='lat' dir='ltr'>Aegyptum</span> <span class='ocrx_word' id='word_1_104' title='bbox 726 1838 796 1888; x_wconf 92' lang='lat' dir='ltr'>ab</span> <span class='ocrx_word' id='word_1_105' title='bbox 847 1838 952 1888; x_wconf 91' lang='lat' dir='ltr'>illis</span> <span class='ocrx_word' id='word_1_106' title='bbox 997 1839 1189 1904; x_wconf 91' lang='lat' dir='ltr'>agitati</span> 
     </span>
     <span class='ocr_line' id='line_1_25' title="bbox 200 1908 1189 1976; baseline 0.001 -18"><span class='ocrx_word' id='word_1_107' title='bbox 200 1909 423 1959; x_wconf 91' lang='lat' dir='ltr'>nomine</span> <span class='ocrx_word' id='word_1_108' title='bbox 462 1908 693 1975; x_wconf 91' lang='lat' dir='ltr'>Antonij</span> <span class='ocrx_word' id='word_1_109' title='bbox 739 1909 895 1976; x_wconf 92' lang='lat' dir='ltr'>super</span> <span class='ocrx_word' id='word_1_110' title='bbox 932 1909 1071 1975; x_wconf 90' lang='lat' dir='ltr'>ipsos</span> <span class='ocrx_word' id='word_1_111' title='bbox 1111 1910 1189 1959; x_wconf 92' lang='lat' dir='ltr'>in-</span> 
     </span>
     <span class='ocr_line' id='line_1_26' title="bbox 201 1979 1191 2031; baseline -0.001 -1"><span class='ocrx_word' id='word_1_112' title='bbox 201 1987 398 2030; x_wconf 92' lang='lat' dir='ltr'>uocato</span> <span class='ocrx_word' id='word_1_113' title='bbox 425 1979 794 2031; x_wconf 86' lang='lat' dir='ltr'>liberarentur.</span> <span class='ocrx_word' id='word_1_114' title='bbox 873 1980 1019 2031; x_wconf 88' lang='lat' dir='ltr'>Huic</span> <span class='ocrx_word' id='word_1_115' title='bbox 1048 1980 1191 2031; x_wconf 91' lang='lat' dir='ltr'>Con-</span> 
     </span>
     <span class='ocr_line' id='line_1_27' title="bbox 201 2050 1190 2118; baseline 0.001 -18"><span class='ocrx_word' id='word_1_116' title='bbox 201 2050 464 2101; x_wconf 89' lang='lat' dir='ltr'>stantinus</span> <span class='ocrx_word' id='word_1_117' title='bbox 506 2052 802 2118; x_wconf 91' lang='lat' dir='ltr'>imperator</span> <span class='ocrx_word' id='word_1_118' title='bbox 845 2051 910 2112; x_wconf 92' lang='lat' dir='ltr'>se,</span> <span class='ocrx_word' id='word_1_119' title='bbox 952 2059 1007 2102; x_wconf 95' lang='lat' dir='ltr'>et</span> <span class='ocrx_word' id='word_1_120' title='bbox 1051 2051 1190 2101; x_wconf 89' lang='lat' dir='ltr'>filios</span> 
     </span>
     <span class='ocr_line' id='line_1_28' title="bbox 200 2121 1190 2188; baseline 0.001 -16"><span class='ocrx_word' id='word_1_121' title='bbox 200 2138 297 2188; x_wconf 93' lang='lat' dir='ltr'>per</span> <span class='ocrx_word' id='word_1_122' title='bbox 322 2121 529 2173; x_wconf 89' lang='lat' dir='ltr'>litteras</span> <span class='ocrx_word' id='word_1_123' title='bbox 555 2123 981 2183; x_wconf 91' lang='lat' dir='ltr'>commendauit,</span> <span class='ocrx_word' id='word_1_124' title='bbox 1007 2130 1065 2173; x_wconf 88' lang='lat' dir='ltr'>vt</span> <span class='ocrx_word' id='word_1_125' title='bbox 1091 2140 1190 2188; x_wconf 91' lang='lat' dir='ltr'>pro</span> 
     </span>
     <span class='ocr_line' id='line_1_29' title="bbox 199 2193 1190 2260; baseline 0.001 -17"><span class='ocrx_word' id='word_1_126' title='bbox 199 2195 276 2244; x_wconf 92' lang='lat' dir='ltr'>eis</span> <span class='ocrx_word' id='word_1_127' title='bbox 303 2194 526 2244; x_wconf 90' lang='lat' dir='ltr'>domino</span> <span class='ocrx_word' id='word_1_128' title='bbox 554 2193 892 2260; x_wconf 89' lang='lat' dir='ltr'>supplicaret.</span> <span class='ocrx_word' id='word_1_129' title='bbox 972 2195 1059 2244; x_wconf 93' lang='lat' dir='ltr'>Ita</span> <span class='ocrx_word' id='word_1_130' title='bbox 1092 2195 1190 2244; x_wconf 90' lang='lat' dir='ltr'>mi-</span> 
     </span>
     <span class='ocr_line' id='line_1_30' title="bbox 199 2264 1191 2330; baseline 0.002 -16"><span class='ocrx_word' id='word_1_131' title='bbox 199 2264 393 2315; x_wconf 90' lang='lat' dir='ltr'>raculis</span> <span class='ocrx_word' id='word_1_132' title='bbox 420 2264 595 2315; x_wconf 89' lang='lat' dir='ltr'>clarus</span> <span class='ocrx_word' id='word_1_133' title='bbox 621 2281 826 2316; x_wconf 88' lang='lat' dir='ltr'>annum</span> <span class='ocrx_word' id='word_1_134' title='bbox 855 2282 1023 2330; x_wconf 89' lang='lat' dir='ltr'>agens</span> <span class='ocrx_word' id='word_1_135' title='bbox 1048 2266 1191 2316; x_wconf 87' lang='lat' dir='ltr'>vltra</span> 
     </span>
     <span class='ocr_line' id='line_1_31' title="bbox 199 2334 1191 2403; baseline 0.001 -16"><span class='ocrx_word' id='word_1_136' title='bbox 199 2335 550 2387; x_wconf 81' lang='lat' dir='ltr'>centesimum</span> <span class='ocrx_word' id='word_1_137' title='bbox 578 2334 610 2386; x_wconf 72' lang='lat' dir='ltr'>a</span> <span class='ocrx_word' id='word_1_138' title='bbox 634 2337 748 2387; x_wconf 90' lang='lat' dir='ltr'>vita</span> <span class='ocrx_word' id='word_1_139' title='bbox 783 2336 1038 2403; x_wconf 90' lang='lat' dir='ltr'>migrauit</span> <span class='ocrx_word' id='word_1_140' title='bbox 1063 2336 1191 2403; x_wconf 85' lang='lat' dir='ltr'>.xvj.</span> 
     </span>
     <span class='ocr_line' id='line_1_32' title="bbox 198 2406 778 2475; baseline -0.002 -17"><span class='ocrx_word' id='word_1_141' title='bbox 198 2406 455 2458; x_wconf 92' lang='lat' dir='ltr'>calendas</span> <span class='ocrx_word' id='word_1_142' title='bbox 483 2408 528 2458; x_wconf 95' lang='lat' dir='ltr'>F</span> <span class='ocrx_word' id='word_1_143' title='bbox 530 2407 778 2475; x_wconf 89' lang='lat' dir='ltr'>ebruarij.</span> 
     </span>
    </p>
   </div>
   <div class='ocr_carea' id='block_1_5' title="bbox 199 2505 1193 2573">
    <p class='ocr_par' dir='ltr' id='par_1_5' title="bbox 199 2505 1193 2573">
     <span class='ocr_line' id='line_1_33' title="bbox 199 2505 1193 2573; baseline -0.002 -14"><span class='ocrx_word' id='word_1_144' title='bbox 199 2510 255 2567; x_wconf 71' lang='lat'>([</span> <span class='ocrx_word' id='word_1_145' title='bbox 282 2507 560 2559; x_wconf 77' lang='lat' dir='ltr'>Fabianus</span> <span class='ocrx_word' id='word_1_146' title='bbox 579 2514 738 2573; x_wconf 77' lang='lat' dir='ltr'>papa,</span> <span class='ocrx_word' id='word_1_147' title='bbox 766 2514 818 2556; x_wconf 84' lang='lat' dir='ltr'>et</span> <span class='ocrx_word' id='word_1_148' title='bbox 852 2505 1193 2573; x_wconf 76' lang='lat' dir='ltr'>Sebastianus</span> 
     </span>
    </p>
   </div>
   <div class='ocr_carea' id='block_1_6' title="bbox 353 2577 1043 2716">
    <p class='ocr_par' dir='ltr' id='par_1_6' title="bbox 353 2577 1043 2716">
     <span class='ocr_line' id='line_1_34' title="bbox 353 2577 1043 2643; baseline 0 -14"><span class='ocrx_word' id='word_1_149' title='bbox 353 2586 614 2643; x_wconf 78' lang='lat' dir='ltr'>marlyres</span> <span class='ocrx_word' id='word_1_150' title='bbox 637 2577 829 2643; x_wconf 76' lang='lat' dir='ltr'>duplex</span> <span class='ocrx_word' id='word_1_151' title='bbox 854 2578 1043 2629; x_wconf 79' lang='lat' dir='ltr'>minas.</span> 
     </span>
     <span class='ocr_line' id='line_1_35' title="bbox 598 2663 800 2716; baseline -0.005 0"><span class='ocrx_word' id='word_1_152' title='bbox 598 2663 800 2716; x_wconf 77' lang='lat' dir='ltr'>Oratio.</span> 
     </span>
    </p>
   </div>
   <div class='ocr_carea' id='block_1_7' title="bbox 198 2748 1190 3173">
    <p class='ocr_par' dir='ltr' id='par_1_7' title="bbox 210 2748 1190 2850">
     <span class='ocr_line' id='line_1_36' title="bbox 210 2748 1190 2850; baseline 0.001 -50"><span class='ocrx_word' id='word_1_153' title='bbox 210 2749 636 2850; x_wconf 78' lang='lat' dir='ltr'>INfirmitatem</span> <span class='ocrx_word' id='word_1_154' title='bbox 682 2748 945 2801; x_wconf 91' lang='lat' dir='ltr'>nostram¹</span> <span class='ocrx_word' id='word_1_155' title='bbox 991 2751 1190 2817; x_wconf 91' lang='lat' dir='ltr'>respice</span> 
     </span>
    </p>

    <p class='ocr_par' dir='ltr' id='par_1_8' title="bbox 198 2822 1190 3173">
     <span class='ocr_line' id='line_1_37' title="bbox 299 2822 1190 2888; baseline 0.001 -16"><span class='ocrx_word' id='word_1_156' title='bbox 299 2822 645 2888; x_wconf 90' lang='lat' dir='ltr'>omnipotens</span> <span class='ocrx_word' id='word_1_157' title='bbox 666 2822 814 2884; x_wconf 83' lang='lat' dir='ltr'>deuS,</span> <span class='ocrx_word' id='word_1_158' title='bbox 832 2830 885 2872; x_wconf 94' lang='lat' dir='ltr'>et</span> <span class='ocrx_word' id='word_1_159' title='bbox 907 2823 1034 2888; x_wconf 91' lang='lat' dir='ltr'>quia</span> <span class='ocrx_word' id='word_1_160' title='bbox 1055 2839 1190 2888; x_wconf 91' lang='lat' dir='ltr'>pon-</span> 
     </span>
     <span class='ocr_line' id='line_1_38' title="bbox 198 2891 1189 2959; baseline 0.002 -17"><span class='ocrx_word' id='word_1_161' title='bbox 198 2892 300 2943; x_wconf 88' lang='lat' dir='ltr'>dus</span> <span class='ocrx_word' id='word_1_162' title='bbox 317 2894 549 2959; x_wconf 78' lang='lat' dir='ltr'>propriae</span> <span class='ocrx_word' id='word_1_163' title='bbox 566 2891 796 2944; x_wconf 67' lang='lat' dir='ltr'>a6tionis</span> <span class='ocrx_word' id='word_1_164' title='bbox 817 2901 1010 2959; x_wconf 92' lang='lat' dir='ltr'>grauat</span> <span class='ocrx_word' id='word_1_165' title='bbox 1033 2913 1042 2944; x_wconf 78' lang='grc' dir='ltr'>ε</span> <span class='ocrx_word' id='word_1_166' title='bbox 1063 2895 1189 2944; x_wconf 90' lang='lat' dir='ltr'>bea-</span> 
     </span>
     <span class='ocr_line' id='line_1_39' title="bbox 198 2965 1188 3030; baseline 0.002 -17"><span class='ocrx_word' id='word_1_167' title='bbox 198 2969 379 3014; x_wconf 90' lang='lat' dir='ltr'>torum</span> <span class='ocrx_word' id='word_1_168' title='bbox 399 2971 700 3030; x_wconf 89' lang='lat' dir='ltr'>martyrum</span> <span class='ocrx_word' id='word_1_169' title='bbox 719 2971 935 3015; x_wconf 91' lang='lat' dir='ltr'>tuorum</span> <span class='ocrx_word' id='word_1_170' title='bbox 960 2965 1188 3015; x_wconf 89' lang='lat' dir='ltr'>Fabiani</span> 
     </span>
     <span class='ocr_line' id='line_1_40' title="bbox 200 3034 1190 3102; baseline 0.001 -17"><span class='ocrx_word' id='word_1_171' title='bbox 200 3042 254 3085; x_wconf 92' lang='lat' dir='ltr'>et</span> <span class='ocrx_word' id='word_1_172' title='bbox 288 3034 602 3096; x_wconf 88' lang='lat' dir='ltr'>Sebastiani,</span> <span class='ocrx_word' id='word_1_173' title='bbox 632 3036 926 3086; x_wconf 79' lang='lat' dir='ltr'>intercessio</span> <span class='ocrx_word' id='word_1_174' title='bbox 960 3035 1190 3102; x_wconf 88' lang='lat' dir='ltr'>gloriosa</span> 
     </span>
     <span class='ocr_line' id='line_1_41' title="bbox 199 3114 867 3173; baseline 0.003 -17"><span class='ocrx_word' id='word_1_175' title='bbox 199 3122 298 3157; x_wconf 90' lang='lat' dir='ltr'>nos</span> <span class='ocrx_word' id='word_1_176' title='bbox 323 3114 578 3173; x_wconf 91' lang='lat' dir='ltr'>protegat</span> <span class='ocrx_word' id='word_1_177' title='bbox 608 3123 619 3157; x_wconf 77' lang='lat' dir='ltr'><em>z</em></span> <span class='ocrx_word' id='word_1_178' title='bbox 646 3124 742 3173; x_wconf 92' lang='lat' dir='ltr'>per</span> <span class='ocrx_word' id='word_1_179' title='bbox 768 3114 867 3158; x_wconf 80' lang='lat' dir='ltr'>etc,</span> 
     </span>
    </p>
   </div>
   <div class='ocr_carea' id='block_1_8' title="bbox 491 3210 897 3264">
    <p class='ocr_par' dir='ltr' id='par_1_9' title="bbox 491 3210 897 3264">
     <span class='ocr_line' id='line_1_42' title="bbox 491 3210 897 3264; baseline 0.002 -2"><span class='ocrx_word' id='word_1_180' title='bbox 491 3211 537 3262; x_wconf 89' lang='lat' dir='ltr'><em>L</em></span> <span class='ocrx_word' id='word_1_181' title='bbox 545 3211 671 3263; x_wconf 75' lang='grc' dir='ltr'>εέῖἱο</span> <span class='ocrx_word' id='word_1_182' title='bbox 698 3212 856 3263; x_wconf 78' lang='lat' dir='ltr'>tertia</span> <span class='ocrx_word' id='word_1_183' title='bbox 865 3210 897 3264; x_wconf 80' lang='lat'>².</span> 
     </span>
    </p>
   </div>
   <div class='ocr_carea' id='block_1_9' title="bbox 199 3300 1191 3512">
    <p class='ocr_par' dir='ltr' id='par_1_10' title="bbox 199 3300 1191 3512">
     <span class='ocr_line' id='line_1_43' title="bbox 205 3300 1191 3403; baseline 0.003 -52"><span class='ocrx_word' id='word_1_184' title='bbox 205 3300 550 3403; x_wconf 73' lang='lat' dir='ltr'>FAbianus</span> <span class='ocrx_word' id='word_1_185' title='bbox 599 3302 1112 3384; x_wconf 39' lang='lat' dir='ltr'>patria-Romanus</span> <span class='ocrx_word' id='word_1_186' title='bbox 1158 3301 1191 3354; x_wconf 74' lang='lat' dir='ltr'>a</span> 
     </span>
     <span class='ocr_line' id='line_1_44' title="bbox 325 3372 1189 3441; baseline 0.002 -18"><span class='ocrx_word' id='word_1_187' title='bbox 325 3372 603 3424; x_wconf 78' lang='lat' dir='ltr'>Gordiano</span> <span class='ocrx_word' id='word_1_188' title='bbox 629 3381 685 3424; x_wconf 92' lang='lat' dir='ltr'>et</span> <span class='ocrx_word' id='word_1_189' title='bbox 713 3373 964 3441; x_wconf 84' lang='lat' dir='ltr'>Ph1l1pp0</span> <span class='ocrx_word' id='word_1_190' title='bbox 985 3376 1055 3425; x_wconf 94' lang='lat' dir='ltr'>ad</span> <span class='ocrx_word' id='word_1_191' title='bbox 1079 3375 1189 3425; x_wconf 87' lang='lat' dir='ltr'>De-</span> 
     </span>
     <span class='ocr_line' id='line_1_45' title="bbox 199 3444 1190 3512; baseline 0.001 -17"><span class='ocrx_word' id='word_1_192' title='bbox 199 3445 343 3496; x_wconf 89' lang='lat' dir='ltr'>cium</span> <span class='ocrx_word' id='word_1_193' title='bbox 388 3444 771 3511; x_wconf 89' lang='lat' dir='ltr'>imperatorem</span> <span class='ocrx_word' id='word_1_194' title='bbox 813 3445 1064 3512; x_wconf 85' lang='lat' dir='ltr'>pontifex</span> <span class='ocrx_word' id='word_1_195' title='bbox 1105 3463 1190 3496; x_wconf 94' lang='lat' dir='ltr'>ec-</span> 
     </span>
    </p>
   </div>
   <div class='ocr_carea' id='block_1_10' title="bbox 202 3595 1191 3768">
    <p class='ocr_par' dir='ltr' id='par_1_11' title="bbox 202 3595 1191 3768">
     <span class='ocr_line' id='line_1_46' title="bbox 285 3595 826 3640; baseline 0 -1"><span class='ocrx_word' id='word_1_196' title='bbox 285 3596 302 3623; x_wconf 80' lang='lat'>1</span> <span class='ocrx_word' id='word_1_197' title='bbox 333 3595 408 3639; x_wconf 94' lang='lat' dir='ltr'>die</span> <span class='ocrx_word' id='word_1_198' title='bbox 430 3607 497 3639; x_wconf 87' lang='lat'>20.</span> <span class='ocrx_word' id='word_1_199' title='bbox 525 3596 602 3640; x_wconf 76' lang='lat' dir='ltr'>hic</span> <span class='ocrx_word' id='word_1_200' title='bbox 619 3597 670 3640; x_wconf 85' lang='lat' dir='ltr'>in</span> <span class='ocrx_word' id='word_1_201' title='bbox 694 3611 750 3640; x_wconf 86' lang='lat' dir='ltr'>m.</span> <span class='ocrx_word' id='word_1_202' title='bbox 779 3598 826 3639; x_wconf 90' lang='lat' dir='ltr'>P.</span> 
     </span>
     <span class='ocr_line' id='line_1_47' title="bbox 287 3652 1191 3700; baseline 0.001 -3"><span class='ocrx_word' id='word_1_203' title='bbox 287 3652 305 3680; x_wconf 82' lang='lat'>2</span> <span class='ocrx_word' id='word_1_204' title='bbox 335 3654 410 3697; x_wconf 90' lang='lat' dir='ltr'>die</span> <span class='ocrx_word' id='word_1_205' title='bbox 433 3666 499 3697; x_wconf 89' lang='lat'>20.</span> <span class='ocrx_word' id='word_1_206' title='bbox 526 3656 574 3696; x_wconf 73' lang='lat' dir='ltr'>in</span> <span class='ocrx_word' id='word_1_207' title='bbox 597 3669 655 3698; x_wconf 84' lang='lat' dir='ltr'>m.</span> <span class='ocrx_word' id='word_1_208' title='bbox 683 3656 742 3699; x_wconf 90' lang='lat' dir='ltr'>R.</span> <span class='ocrx_word' id='word_1_209' title='bbox 761 3657 813 3699; x_wconf 91' lang='lat' dir='ltr'>V.</span> <span class='ocrx_word' id='word_1_210' title='bbox 835 3655 887 3700; x_wconf 88' lang='lat' dir='ltr'>A.</span> <span class='ocrx_word' id='word_1_211' title='bbox 938 3656 1034 3699; x_wconf 83' lang='lat' dir='ltr'>Hic</span> <span class='ocrx_word' id='word_1_212' title='bbox 1052 3656 1191 3699; x_wconf 79' lang='lat' dir='ltr'>etiam</span> 
     </span>
     <span class='ocr_line' id='line_1_48' title="bbox 202 3712 608 3768; baseline 0.005 -13"><span class='ocrx_word' id='word_1_213' title='bbox 202 3713 251 3755; x_wconf 78' lang='lat' dir='ltr'>iu</span> <span class='ocrx_word' id='word_1_214' title='bbox 276 3713 323 3755; x_wconf 91' lang='lat' dir='ltr'>P.</span> <span class='ocrx_word' id='word_1_215' title='bbox 347 3712 608 3768; x_wconf 77' lang='lat' dir='ltr'>dupliciter.</span> 
     </span>
    </p>
   </div>
   <div class='ocr_carea' id='block_1_11' title="bbox 2165 254 2264 306">
    <p class='ocr_par' dir='ltr' id='par_1_12' title="bbox 2165 254 2264 306">
     <span class='ocr_line' id='line_1_49' title="bbox 2165 254 2264 306; baseline 0.01 -15"><span class='ocrx_word' id='word_1_216' title='bbox 2165 254 2264 306; x_wconf 91' lang='lat'>107</span> 
     </span>
    </p>
   </div>
   <div class='ocr_carea' id='block_1_12' title="bbox 1265 347 2264 2120">
    <p class='ocr_par' dir='ltr' id='par_1_13' title="bbox 1265 347 2264 2120">
     <span class='ocr_line' id='line_1_50' title="bbox 1270 347 2261 415; baseline 0.003 -18"><span class='ocrx_word' id='word_1_217' title='bbox 1270 347 1439 398; x_wconf 81' lang='lat' dir='ltr'>clesiae</span> <span class='ocrx_word' id='word_1_218' title='bbox 1467 347 1695 414; x_wconf 83' lang='lat' dir='ltr'>praefuit.</span> <span class='ocrx_word' id='word_1_219' title='bbox 1776 349 1883 399; x_wconf 91' lang='lat' dir='ltr'>Hic</span> <span class='ocrx_word' id='word_1_220' title='bbox 1910 348 2113 415; x_wconf 89' lang='lat' dir='ltr'>septem</span> <span class='ocrx_word' id='word_1_221' title='bbox 2148 350 2261 401; x_wconf 87' lang='lat' dir='ltr'>dia·</span> 
     </span>
     <span class='ocr_line' id='line_1_51' title="bbox 1271 419 2261 486; baseline 0.003 -18"><span class='ocrx_word' id='word_1_222' title='bbox 1271 419 1421 469; x_wconf 89' lang='lat' dir='ltr'>conis</span> <span class='ocrx_word' id='word_1_223' title='bbox 1459 419 1707 484; x_wconf 84' lang='lat' dir='ltr'>regiones</span> <span class='ocrx_word' id='word_1_224' title='bbox 1742 419 1932 481; x_wconf 83' lang='lat' dir='ltr'>diuisit,</span> <span class='ocrx_word' id='word_1_225' title='bbox 1964 421 2056 486; x_wconf 92' lang='lat' dir='ltr'>qui</span> <span class='ocrx_word' id='word_1_226' title='bbox 2096 419 2127 470; x_wconf 75' lang='lat' dir='ltr'>a</span> <span class='ocrx_word' id='word_1_227' title='bbox 2166 437 2261 471; x_wconf 92' lang='lat' dir='ltr'>no-</span> 
     </span>
     <span class='ocr_line' id='line_1_52' title="bbox 1271 489 2262 555; baseline 0.003 -16"><span class='ocrx_word' id='word_1_228' title='bbox 1271 489 1423 555; x_wconf 89' lang='lat' dir='ltr'>tarijs</span> <span class='ocrx_word' id='word_1_229' title='bbox 1468 506 1551 540; x_wconf 91' lang='lat' dir='ltr'>res</span> <span class='ocrx_word' id='word_1_230' title='bbox 1592 495 1891 555; x_wconf 88' lang='lat' dir='ltr'>martyrum</span> <span class='ocrx_word' id='word_1_231' title='bbox 1930 490 2105 555; x_wconf 89' lang='lat' dir='ltr'>gestas</span> <span class='ocrx_word' id='word_1_232' title='bbox 2144 491 2262 542; x_wconf 88' lang='lat' dir='ltr'>scri-</span> 
     </span>
     <span class='ocr_line' id='line_1_53' title="bbox 1271 559 2261 628; baseline 0.002 -18"><span class='ocrx_word' id='word_1_233' title='bbox 1271 559 1542 620; x_wconf 83' lang='lat' dir='ltr'>bentibuS,</span> <span class='ocrx_word' id='word_1_234' title='bbox 1560 559 1890 626; x_wconf 88' lang='lat' dir='ltr'>colligerent.</span> <span class='ocrx_word' id='word_1_235' title='bbox 1931 560 2261 628; x_wconf 86' lang='lat' dir='ltr'>Statuitque,</span> 
     </span>
     <span class='ocr_line' id='line_1_54' title="bbox 1270 630 2262 696; baseline 0.001 -15"><span class='ocrx_word' id='word_1_236' title='bbox 1270 637 1331 681; x_wconf 87' lang='lat' dir='ltr'>vt</span> <span class='ocrx_word' id='word_1_237' title='bbox 1375 630 1594 696; x_wconf 88' lang='lat' dir='ltr'>fingulis</span> <span class='ocrx_word' id='word_1_238' title='bbox 1637 631 1794 681; x_wconf 90' lang='lat' dir='ltr'>annis</span> <span class='ocrx_word' id='word_1_239' title='bbox 1844 631 1898 682; x_wconf 94' lang='lat' dir='ltr'>in</span> <span class='ocrx_word' id='word_1_240' title='bbox 1949 632 2039 682; x_wconf 92' lang='lat' dir='ltr'>die</span> <span class='ocrx_word' id='word_1_241' title='bbox 2089 648 2262 683; x_wconf 83' lang='lat' dir='ltr'>coenae</span> 
     </span>
     <span class='ocr_line' id='line_1_55' title="bbox 1265 698 2264 754; baseline 0.003 -3"><span class='ocrx_word' id='word_1_242' title='bbox 1265 698 1481 752; x_wconf 74' lang='lat' dir='ltr'>domini</span> <span class='ocrx_word' id='word_1_243' title='bbox 1511 701 1755 752; x_wconf 90' lang='lat' dir='ltr'>chrisma</span> <span class='ocrx_word' id='word_1_244' title='bbox 1796 709 2156 753; x_wconf 89' lang='lat' dir='ltr'>renouaretur.</span> <span class='ocrx_word' id='word_1_245' title='bbox 2199 720 2264 754; x_wconf 93' lang='lat' dir='ltr'>ac</span> 
     </span>
     <span class='ocr_line' id='line_1_56' title="bbox 1272 770 2263 825; baseline 0.003 -3"><span class='ocrx_word' id='word_1_246' title='bbox 1272 778 1428 823; x_wconf 79' lang='lat' dir='ltr'>vetus</span> <span class='ocrx_word' id='word_1_247' title='bbox 1469 770 1849 823; x_wconf 77' lang='lat' dir='ltr'>comburetur⁸</span> <span class='ocrx_word' id='word_1_248' title='bbox 1911 773 1965 823; x_wconf 91' lang='lat' dir='ltr'>in</span> <span class='ocrx_word' id='word_1_249' title='bbox 2029 773 2263 825; x_wconf 78' lang='lat' dir='ltr'>ecclesia.</span> 
     </span>
     <span class='ocr_line' id='line_1_57' title="bbox 1276 843 2263 909; baseline 0.002 -16"><span class='ocrx_word' id='word_1_250' title='bbox 1276 844 1456 894; x_wconf 91' lang='lat' dir='ltr'>Huius</span> <span class='ocrx_word' id='word_1_251' title='bbox 1481 846 1742 909; x_wconf 54' lang='lat' dir='ltr'>tempore</span> <span class='ocrx_word' id='word_1_252' title='bbox 1780 850 1900 894; x_wconf 90' lang='lat' dir='ltr'>orta</span> <span class='ocrx_word' id='word_1_253' title='bbox 1937 843 2012 894; x_wconf 89' lang='lat' dir='ltr'>est</span> <span class='ocrx_word' id='word_1_254' title='bbox 2050 844 2263 895; x_wconf 79' lang='lat' dir='ltr'>haeresis</span> 
     </span>
     <span class='ocr_line' id='line_1_58' title="bbox 1275 914 2264 981; baseline 0.003 -18"><span class='ocrx_word' id='word_1_255' title='bbox 1275 914 1500 980; x_wconf 91' lang='lat' dir='ltr'>Nouatij</span> <span class='ocrx_word' id='word_1_256' title='bbox 1544 915 1813 965; x_wconf 64' lang='lat' dir='ltr'>Romanae</span> <span class='ocrx_word' id='word_1_257' title='bbox 1853 915 2084 965; x_wconf 83' lang='lat' dir='ltr'>ecclefiae</span> <span class='ocrx_word' id='word_1_258' title='bbox 2122 916 2264 981; x_wconf 88' lang='lat' dir='ltr'>pres-</span> 
     </span>
     <span class='ocr_line' id='line_1_59' title="bbox 1273 980 2262 1052; baseline 0.003 -17"><span class='ocrx_word' id='word_1_259' title='bbox 1273 985 1466 1051; x_wconf 89' lang='lat' dir='ltr'>byteri,</span> <span class='ocrx_word' id='word_1_260' title='bbox 1494 980 1760 1052; x_wconf 80' lang='lat' dir='ltr'>negantis</span> <span class='ocrx_word' id='word_1_261' title='bbox 1777 985 2057 1052; x_wconf 63' lang='lat' dir='ltr'>apostatas</span> <span class='ocrx_word' id='word_1_262' title='bbox 2084 987 2262 1038; x_wconf 64' lang='lat' dir='ltr'>&gt;etiam</span> 
     </span>
     <span class='ocr_line' id='line_1_60' title="bbox 1273 1054 2264 1123; baseline 0.002 -17"><span class='ocrx_word' id='word_1_263' title='bbox 1273 1057 1604 1122; x_wconf 90' lang='lat' dir='ltr'>poenitentes</span> <span class='ocrx_word' id='word_1_264' title='bbox 1632 1056 1702 1107; x_wconf 92' lang='lat' dir='ltr'>ab</span> <span class='ocrx_word' id='word_1_265' title='bbox 1729 1054 1948 1107; x_wconf 74' lang='lat' dir='ltr'>ecclesia</span> <span class='ocrx_word' id='word_1_266' title='bbox 1970 1058 2136 1123; x_wconf 86' lang='lat' dir='ltr'>recipi</span> <span class='ocrx_word' id='word_1_267' title='bbox 2170 1058 2264 1108; x_wconf 89' lang='lat' dir='ltr'>de-</span> 
     </span>
     <span class='ocr_line' id='line_1_61' title="bbox 1273 1127 2262 1193; baseline 0.002 -16"><span class='ocrx_word' id='word_1_268' title='bbox 1273 1127 1416 1178; x_wconf 92' lang='lat' dir='ltr'>bere.</span> <span class='ocrx_word' id='word_1_269' title='bbox 1519 1128 1630 1179; x_wconf 86' lang='lat' dir='ltr'>Sed</span> <span class='ocrx_word' id='word_1_270' title='bbox 1681 1134 2014 1193; x_wconf 87' lang='lat' dir='ltr'>congregato</span> <span class='ocrx_word' id='word_1_271' title='bbox 2063 1128 2262 1179; x_wconf 66' lang='lat' dir='ltr'>Romae</span> 
     </span>
     <span class='ocr_line' id='line_1_62' title="bbox 1272 1197 2264 1265; baseline 0.002 -17"><span class='ocrx_word' id='word_1_272' title='bbox 1272 1197 1501 1248; x_wconf 90' lang='lat' dir='ltr'>concilio</span> <span class='ocrx_word' id='word_1_273' title='bbox 1552 1198 1640 1250; x_wconf 82' lang='lat' dir='ltr'>.lx,</span> <span class='ocrx_word' id='word_1_274' title='bbox 1692 1199 2080 1265; x_wconf 91' lang='lat' dir='ltr'>episcoporum,</span> <span class='ocrx_word' id='word_1_275' title='bbox 2130 1201 2264 1250; x_wconf 76' lang='lat' dir='ltr'>toti-</span> 
     </span>
     <span class='ocr_line' id='line_1_63' title="bbox 1273 1269 2264 1336; baseline 0.001 -16"><span class='ocrx_word' id='word_1_276' title='bbox 1273 1270 1508 1335; x_wconf 88' lang='lat' dir='ltr'>demque</span> <span class='ocrx_word' id='word_1_277' title='bbox 1535 1269 1975 1336; x_wconf 90' lang='lat' dir='ltr'>presbyterorum</span> <span class='ocrx_word' id='word_1_278' title='bbox 2004 1287 2127 1320; x_wconf 90' lang='lat' dir='ltr'>cum</span> <span class='ocrx_word' id='word_1_279' title='bbox 2149 1270 2264 1321; x_wconf 82' lang='lat' dir='ltr'>dia—</span> 
     </span>
     <span class='ocr_line' id='line_1_64' title="bbox 1271 1341 2262 1407; baseline 0.002 -17"><span class='ocrx_word' id='word_1_280' title='bbox 1271 1341 1421 1390; x_wconf 90' lang='lat' dir='ltr'>conis</span> <span class='ocrx_word' id='word_1_281' title='bbox 1466 1341 1838 1407; x_wconf 89' lang='lat' dir='ltr'>compluribus</span> <span class='ocrx_word' id='word_1_282' title='bbox 1884 1341 2001 1391; x_wconf 82' lang='lat' dir='ltr'>haec</span> <span class='ocrx_word' id='word_1_283' title='bbox 2051 1341 2262 1392; x_wconf 87' lang='lat' dir='ltr'>haerefis</span> 
     </span>
     <span class='ocr_line' id='line_1_65' title="bbox 1273 1412 2262 1475; baseline 0.003 -14"><span class='ocrx_word' id='word_1_284' title='bbox 1273 1412 1569 1463; x_wconf 91' lang='lat' dir='ltr'>nouatiana</span> <span class='ocrx_word' id='word_1_285' title='bbox 1602 1413 1866 1463; x_wconf 90' lang='lat' dir='ltr'>damnata</span> <span class='ocrx_word' id='word_1_286' title='bbox 1902 1412 2017 1475; x_wconf 89' lang='lat' dir='ltr'>fuit,</span> <span class='ocrx_word' id='word_1_287' title='bbox 2048 1420 2102 1463; x_wconf 94' lang='lat' dir='ltr'>et</span> <span class='ocrx_word' id='word_1_288' title='bbox 2137 1430 2262 1464; x_wconf 90' lang='lat' dir='ltr'>cum</span> 
     </span>
     <span class='ocr_line' id='line_1_66' title="bbox 1273 1483 2262 1550; baseline 0.003 -18"><span class='ocrx_word' id='word_1_289' title='bbox 1273 1483 1340 1532; x_wconf 91' lang='lat' dir='ltr'>ali</span> <span class='ocrx_word' id='word_1_290' title='bbox 1342 1483 1360 1547; x_wconf 91' lang='lat' dir='ltr'>j</span> <span class='ocrx_word' id='word_1_291' title='bbox 1368 1501 1392 1532; x_wconf 90' lang='lat' dir='ltr'>s</span> <span class='ocrx_word' id='word_1_292' title='bbox 1409 1500 1555 1533; x_wconf 91' lang='lat' dir='ltr'>error</span> <span class='ocrx_word' id='word_1_293' title='bbox 1570 1501 1788 1550; x_wconf 92' lang='lat' dir='ltr'>quoque</span> <span class='ocrx_word' id='word_1_294' title='bbox 1810 1483 2262 1535; x_wconf 85' lang='lat' dir='ltr'>I-Ielchesatarum</span> 
     </span>
     <span class='ocr_line' id='line_1_67' title="bbox 1273 1554 2261 1606; baseline 0.003 -3"><span class='ocrx_word' id='word_1_295' title='bbox 1273 1554 1614 1604; x_wconf 89' lang='lat' dir='ltr'>asserentium</span> <span class='ocrx_word' id='word_1_296' title='bbox 1643 1572 1751 1605; x_wconf 92' lang='lat' dir='ltr'>non</span> <span class='ocrx_word' id='word_1_297' title='bbox 1788 1555 1891 1605; x_wconf 93' lang='lat' dir='ltr'>esse</span> <span class='ocrx_word' id='word_1_298' title='bbox 1917 1555 2261 1606; x_wconf 90' lang='lat' dir='ltr'>criminosum</span> 
     </span>
     <span class='ocr_line' id='line_1_68' title="bbox 1272 1625 2264 1678; baseline 0.003 -4"><span class='ocrx_word' id='word_1_299' title='bbox 1272 1626 1326 1674; x_wconf 91' lang='lat' dir='ltr'>in</span> <span class='ocrx_word' id='word_1_300' title='bbox 1349 1626 1633 1676; x_wconf 90' lang='lat' dir='ltr'>tormentis</span> <span class='ocrx_word' id='word_1_301' title='bbox 1657 1626 1925 1678; x_wconf 89' lang='lat' dir='ltr'>Christum</span> <span class='ocrx_word' id='word_1_302' title='bbox 1942 1625 2264 1677; x_wconf 78' lang='lat' dir='ltr'>vocetenus⁴</span> 
     </span>
     <span class='ocr_line' id='line_1_69' title="bbox 1273 1696 2261 1764; baseline 0.003 -18"><span class='ocrx_word' id='word_1_303' title='bbox 1273 1696 1343 1746; x_wconf 95' lang='lat' dir='ltr'>ab</span> <span class='ocrx_word' id='word_1_304' title='bbox 1388 1713 1453 1747; x_wconf 94' lang='lat' dir='ltr'>eo</span> <span class='ocrx_word' id='word_1_305' title='bbox 1497 1698 1698 1763; x_wconf 88' lang='lat' dir='ltr'>negari,</span> <span class='ocrx_word' id='word_1_306' title='bbox 1743 1698 1835 1763; x_wconf 92' lang='lat' dir='ltr'>qui</span> <span class='ocrx_word' id='word_1_307' title='bbox 1881 1697 2045 1748; x_wconf 89' lang='lat' dir='ltr'>corde</span> <span class='ocrx_word' id='word_1_308' title='bbox 2089 1698 2261 1764; x_wconf 90' lang='lat' dir='ltr'>ipsum</span> 
     </span>
     <span class='ocr_line' id='line_1_70' title="bbox 1274 1767 2263 1835; baseline 0.002 -18"><span class='ocrx_word' id='word_1_309' title='bbox 1274 1767 1633 1819; x_wconf 88' lang='lat' dir='ltr'>confiteretur.</span> <span class='ocrx_word' id='word_1_310' title='bbox 1710 1769 1982 1818; x_wconf 90' lang='lat' dir='ltr'>Fabianus</span> <span class='ocrx_word' id='word_1_311' title='bbox 2028 1768 2263 1835; x_wconf 89' lang='lat' dir='ltr'>denique</span> 
     </span>
     <span class='ocr_line' id='line_1_71' title="bbox 1275 1838 2262 1906; baseline 0.001 -17"><span class='ocrx_word' id='word_1_312' title='bbox 1275 1838 1364 1889; x_wconf 81' lang='lat' dir='ltr'>‚xii</span> <span class='ocrx_word' id='word_1_313' title='bbox 1366 1838 1402 1903; x_wconf 90' lang='lat' dir='ltr'>j.</span> <span class='ocrx_word' id='word_1_314' title='bbox 1425 1839 1679 1889; x_wconf 91' lang='lat' dir='ltr'>calendas</span> <span class='ocrx_word' id='word_1_315' title='bbox 1703 1840 1747 1889; x_wconf 93' lang='lat' dir='ltr'>F</span> <span class='ocrx_word' id='word_1_316' title='bbox 1751 1839 1979 1904; x_wconf 90' lang='lat' dir='ltr'>ebruarij</span> <span class='ocrx_word' id='word_1_317' title='bbox 2001 1842 2262 1906; x_wconf 89' lang='lat' dir='ltr'>martyrio</span> 
     </span>
     <span class='ocr_line' id='line_1_72' title="bbox 1274 1911 2261 1962; baseline 0.001 -2"><span class='ocrx_word' id='word_1_318' title='bbox 1274 1918 1564 1961; x_wconf 85' lang='lat' dir='ltr'>coronatus</span> <span class='ocrx_word' id='word_1_319' title='bbox 1604 1911 1656 1960; x_wconf 90' lang='lat' dir='ltr'>in</span> <span class='ocrx_word' id='word_1_320' title='bbox 1702 1912 2016 1961; x_wconf 90' lang='lat' dir='ltr'>coemeterio</span> <span class='ocrx_word' id='word_1_321' title='bbox 2058 1911 2261 1962; x_wconf 88' lang='lat' dir='ltr'>Callisti</span> 
     </span>
     <span class='ocr_line' id='line_1_73' title="bbox 1272 1980 2264 2047; baseline 0.003 -17"><span class='ocrx_word' id='word_1_322' title='bbox 1272 1982 1361 2031; x_wconf 89' lang='lat' dir='ltr'>via</span> <span class='ocrx_word' id='word_1_323' title='bbox 1387 1980 1575 2047; x_wconf 90' lang='lat' dir='ltr'>Appia</span> <span class='ocrx_word' id='word_1_324' title='bbox 1603 1982 1868 2047; x_wconf 88' lang='lat' dir='ltr'>sepelitur,</span> <span class='ocrx_word' id='word_1_325' title='bbox 1894 1982 2264 2034; x_wconf 86' lang='lat' dir='ltr'>cum&#39;sedisset</span> 
     </span>
     <span class='ocr_line' id='line_1_74' title="bbox 1273 2052 2236 2120; baseline 0.003 -18"><span class='ocrx_word' id='word_1_326' title='bbox 1273 2069 1446 2102; x_wconf 91' lang='lat' dir='ltr'>annos</span> <span class='ocrx_word' id='word_1_327' title='bbox 1471 2052 1620 2118; x_wconf 58' lang='lat' dir='ltr'>xiiij.</span> <span class='ocrx_word' id='word_1_328' title='bbox 1648 2053 1854 2103; x_wconf 90' lang='lat' dir='ltr'>menses</span> <span class='ocrx_word' id='word_1_329' title='bbox 1882 2053 1974 2119; x_wconf 81' lang='lat' dir='ltr'>,xj.</span> <span class='ocrx_word' id='word_1_330' title='bbox 2003 2054 2119 2104; x_wconf 91' lang='lat' dir='ltr'>dies</span> <span class='ocrx_word' id='word_1_331' title='bbox 2146 2054 2236 2120; x_wconf 87' lang='lat' dir='ltr'>.xj.</span> 
     </span>
    </p>
   </div>
   <div class='ocr_carea' id='block_1_13' title="bbox 1273 2163 2264 3513">
    <p class='ocr_par' dir='ltr' id='par_1_14' title="bbox 1368 2163 2264 2216">
     <span class='ocr_line' id='line_1_75' title="bbox 1368 2163 2264 2216; baseline 0.002 -2"><span class='ocrx_word' id='word_1_332' title='bbox 1368 2163 1692 2215; x_wconf 89' lang='lat' dir='ltr'>Ebastianus</span> <span class='ocrx_word' id='word_1_333' title='bbox 1718 2165 1852 2215; x_wconf 89' lang='lat' dir='ltr'>ciuis</span> <span class='ocrx_word' id='word_1_334' title='bbox 1887 2165 2264 2216; x_wconf 88' lang='lat' dir='ltr'>Mediolanen-</span> 
     </span>
    </p>

    <p class='ocr_par' dir='ltr' id='par_1_15' title="bbox 1273 2235 2263 3513">
     <span class='ocr_line' id='line_1_76' title="bbox 1401 2235 2263 2298; baseline 0.003 -13"><span class='ocrx_word' id='word_1_335' title='bbox 1401 2235 1477 2296; x_wconf 87' lang='lat' dir='ltr'>fis,</span> <span class='ocrx_word' id='word_1_336' title='bbox 1499 2235 1587 2286; x_wconf 93' lang='lat' dir='ltr'>sed</span> <span class='ocrx_word' id='word_1_337' title='bbox 1612 2237 1891 2287; x_wconf 81' lang='lat' dir='ltr'>Narbonae</span> <span class='ocrx_word' id='word_1_338' title='bbox 1912 2244 2078 2298; x_wconf 89' lang='lat' dir='ltr'>ortus,</span> <span class='ocrx_word' id='word_1_339' title='bbox 2099 2238 2184 2288; x_wconf 84' lang='lat' dir='ltr'>vel</span> <span class='ocrx_word' id='word_1_340' title='bbox 2206 2246 2263 2288; x_wconf 91' lang='lat' dir='ltr'>vt</span> 
     </span>
     <span class='ocr_line' id='line_1_77' title="bbox 1274 2305 2262 2371; baseline 0.002 -15"><span class='ocrx_word' id='word_1_341' title='bbox 1274 2305 1362 2371; x_wconf 91' lang='lat' dir='ltr'>alij</span> <span class='ocrx_word' id='word_1_342' title='bbox 1395 2307 1619 2357; x_wconf 90' lang='lat' dir='ltr'>tradunt</span> <span class='ocrx_word' id='word_1_343' title='bbox 1645 2308 1918 2365; x_wconf 57' lang='lat' dir='ltr'>oriundus</span> <span class='ocrx_word' id='word_1_344' title='bbox 1946 2309 2027 2359; x_wconf 91' lang='lat' dir='ltr'>vir</span> <span class='ocrx_word' id='word_1_345' title='bbox 2052 2309 2262 2369; x_wconf 90' lang='lat' dir='ltr'>nobilis,</span> 
     </span>
     <span class='ocr_line' id='line_1_78' title="bbox 1275 2378 2261 2444; baseline 0.003 -17"><span class='ocrx_word' id='word_1_346' title='bbox 1275 2385 1330 2428; x_wconf 96' lang='lat' dir='ltr'>et</span> <span class='ocrx_word' id='word_1_347' title='bbox 1356 2378 1670 2444; x_wconf 90' lang='lat' dir='ltr'>imperatori</span> <span class='ocrx_word' id='word_1_348' title='bbox 1690 2379 2034 2430; x_wconf 89' lang='lat' dir='ltr'>Diocletiano</span> <span class='ocrx_word' id='word_1_349' title='bbox 2052 2379 2261 2442; x_wconf 80' lang='lat' dir='ltr'>charuS,</span> 
     </span>
     <span class='ocr_line' id='line_1_79' title="bbox 1273 2449 2262 2515; baseline 0.004 -17"><span class='ocrx_word' id='word_1_350' title='bbox 1273 2449 1574 2515; x_wconf 85' lang='lat' dir='ltr'>primaeque</span> <span class='ocrx_word' id='word_1_351' title='bbox 1611 2449 1849 2500; x_wconf 91' lang='lat' dir='ltr'>cohortis</span> <span class='ocrx_word' id='word_1_352' title='bbox 1890 2450 2096 2509; x_wconf 54' lang='lat' dir='ltr'>duston</span> <span class='ocrx_word' id='word_1_353' title='bbox 2126 2453 2262 2502; x_wconf 91' lang='lat' dir='ltr'>mul-</span> 
     </span>
     <span class='ocr_line' id='line_1_80' title="bbox 1274 2519 2261 2574; baseline 0.004 -5"><span class='ocrx_word' id='word_1_354' title='bbox 1274 2528 1361 2570; x_wconf 90' lang='lat' dir='ltr'>tos</span> <span class='ocrx_word' id='word_1_355' title='bbox 1411 2519 1817 2572; x_wconf 89' lang='lat' dir='ltr'>christianorum</span> <span class='ocrx_word' id='word_1_356' title='bbox 1870 2522 1923 2573; x_wconf 91' lang='lat' dir='ltr'>in</span> <span class='ocrx_word' id='word_1_357' title='bbox 1975 2525 2261 2574; x_wconf 86' lang='lat' dir='ltr'>tormentis</span> 
     </span>
     <span class='ocr_line' id='line_1_81' title="bbox 1275 2591 2262 2645; baseline 0.003 -3"><span class='ocrx_word' id='word_1_358' title='bbox 1275 2591 1589 2643; x_wconf 89' lang='lat' dir='ltr'>deficientes</span> <span class='ocrx_word' id='word_1_359' title='bbox 1624 2599 1739 2643; x_wconf 91' lang='lat' dir='ltr'>tam</span> <span class='ocrx_word' id='word_1_360' title='bbox 1780 2593 1990 2644; x_wconf 91' lang='lat' dir='ltr'>sortiter</span> <span class='ocrx_word' id='word_1_361' title='bbox 2026 2601 2080 2645; x_wconf 91' lang='lat' dir='ltr'>et</span> <span class='ocrx_word' id='word_1_362' title='bbox 2116 2595 2262 2645; x_wconf 90' lang='lat' dir='ltr'>sanc-</span> 
     </span>
     <span class='ocr_line' id='line_1_82' title="bbox 1275 2662 2262 2731; baseline 0.004 -18"><span class='ocrx_word' id='word_1_363' title='bbox 1275 2671 1331 2713; x_wconf 94' lang='lat' dir='ltr'>te</span> <span class='ocrx_word' id='word_1_364' title='bbox 1359 2663 1411 2713; x_wconf 90' lang='lat' dir='ltr'>in</span> <span class='ocrx_word' id='word_1_365' title='bbox 1435 2662 1542 2714; x_wconf 91' lang='lat' dir='ltr'>fide</span> <span class='ocrx_word' id='word_1_366' title='bbox 1563 2663 1908 2715; x_wconf 89' lang='lat' dir='ltr'>confirmauit</span> <span class='ocrx_word' id='word_1_367' title='bbox 1939 2685 1949 2716; x_wconf 92' lang='lat'>:</span> <span class='ocrx_word' id='word_1_368' title='bbox 1978 2673 2036 2717; x_wconf 88' lang='lat' dir='ltr'>vt</span> <span class='ocrx_word' id='word_1_369' title='bbox 2058 2674 2262 2731; x_wconf 92' lang='lat' dir='ltr'>marty-</span> 
     </span>
     <span class='ocr_line' id='line_1_83' title="bbox 1275 2734 2263 2804; baseline 0.002 -19"><span class='ocrx_word' id='word_1_370' title='bbox 1275 2735 1413 2785; x_wconf 88' lang='lat' dir='ltr'>rium</span> <span class='ocrx_word' id='word_1_371' title='bbox 1442 2734 1749 2786; x_wconf 90' lang='lat' dir='ltr'>constanter</span> <span class='ocrx_word' id='word_1_372' title='bbox 1775 2735 2046 2787; x_wconf 90' lang='lat' dir='ltr'>subierint.</span> <span class='ocrx_word' id='word_1_373' title='bbox 2112 2737 2263 2804; x_wconf 77' lang='lat' dir='ltr'>Quo-</span> 
     </span>
     <span class='ocr_line' id='line_1_84' title="bbox 1277 2805 2260 2867; baseline 0.002 -12"><span class='ocrx_word' id='word_1_374' title='bbox 1277 2822 1396 2856; x_wconf 91' lang='lat' dir='ltr'>rum</span> <span class='ocrx_word' id='word_1_375' title='bbox 1442 2805 1591 2858; x_wconf 92' lang='lat' dir='ltr'>fuere</span> <span class='ocrx_word' id='word_1_376' title='bbox 1634 2806 1869 2867; x_wconf 80' lang='lat' dir='ltr'>MarCUS,</span> <span class='ocrx_word' id='word_1_377' title='bbox 1895 2815 1950 2859; x_wconf 92' lang='lat' dir='ltr'>et</span> <span class='ocrx_word' id='word_1_378' title='bbox 1990 2808 2260 2859; x_wconf 89' lang='lat' dir='ltr'>Marcelli-</span> 
     </span>
     <span class='ocr_line' id='line_1_85' title="bbox 1275 2877 2262 2944; baseline 0.003 -17"><span class='ocrx_word' id='word_1_379' title='bbox 1275 2894 1411 2927; x_wconf 90' lang='lat' dir='ltr'>anus</span> <span class='ocrx_word' id='word_1_380' title='bbox 1439 2877 1643 2939; x_wconf 90' lang='lat' dir='ltr'>fratres,</span> <span class='ocrx_word' id='word_1_381' title='bbox 1670 2878 1761 2944; x_wconf 88' lang='lat' dir='ltr'>qui</span> <span class='ocrx_word' id='word_1_382' title='bbox 1791 2879 1985 2929; x_wconf 79' lang='lat' dir='ltr'>Romae</span> <span class='ocrx_word' id='word_1_383' title='bbox 2013 2880 2066 2929; x_wconf 90' lang='lat' dir='ltr'>in</span> <span class='ocrx_word' id='word_1_384' title='bbox 2095 2879 2262 2930; x_wconf 91' lang='lat' dir='ltr'>domo</span> 
     </span>
     <span class='ocr_line' id='line_1_86' title="bbox 1277 2947 2262 3011; baseline 0.001 -13"><span class='ocrx_word' id='word_1_385' title='bbox 1277 2948 1567 2999; x_wconf 89' lang='lat' dir='ltr'>Nicostrati</span> <span class='ocrx_word' id='word_1_386' title='bbox 1619 2947 1786 2999; x_wconf 70' lang='grc' dir='ltr'>νίιιξὶί</span> <span class='ocrx_word' id='word_1_387' title='bbox 1842 2950 2262 3011; x_wconf 86' lang='lat' dir='ltr'>asseruabantur,</span> 
     </span>
     <span class='ocr_line' id='line_1_87' title="bbox 1275 3020 2261 3081; baseline 0.002 -12"><span class='ocrx_word' id='word_1_388' title='bbox 1275 3020 1427 3070; x_wconf 87' lang='lat' dir='ltr'>cuius</span> <span class='ocrx_word' id='word_1_389' title='bbox 1465 3020 1755 3070; x_wconf 88' lang='lat' dir='ltr'>Nicostrati</span> <span class='ocrx_word' id='word_1_390' title='bbox 1790 3038 1931 3070; x_wconf 84' lang='lat' dir='ltr'>vxor</span> <span class='ocrx_word' id='word_1_391' title='bbox 1966 3038 2075 3081; x_wconf 86' lang='lat' dir='ltr'>zoe,</span> <span class='ocrx_word' id='word_1_392' title='bbox 2101 3038 2261 3071; x_wconf 86' lang='lat' dir='ltr'>exor-</span> 
     </span>
     <span class='ocr_line' id='line_1_88' title="bbox 1273 3091 2259 3143; baseline 0.003 -3"><span class='ocrx_word' id='word_1_393' title='bbox 1273 3099 1402 3141; x_wconf 90' lang='lat' dir='ltr'>ante</span> <span class='ocrx_word' id='word_1_394' title='bbox 1464 3091 1628 3141; x_wconf 90' lang='lat' dir='ltr'>deum</span> <span class='ocrx_word' id='word_1_395' title='bbox 1694 3091 2010 3142; x_wconf 87' lang='lat' dir='ltr'>Sebastiano</span> <span class='ocrx_word' id='word_1_396' title='bbox 2070 3110 2259 3143; x_wconf 88' lang='lat' dir='ltr'>vocem</span> 
     </span>
     <span class='ocr_line' id='line_1_89' title="bbox 1275 3161 2260 3228; baseline 0.002 -16"><span class='ocrx_word' id='word_1_397' title='bbox 1275 3170 1402 3212; x_wconf 89' lang='lat' dir='ltr'>ante</span> <span class='ocrx_word' id='word_1_398' title='bbox 1462 3161 1556 3212; x_wconf 82' lang='lat' dir='ltr'>sex</span> <span class='ocrx_word' id='word_1_399' title='bbox 1619 3178 1791 3212; x_wconf 91' lang='lat' dir='ltr'>annos</span> <span class='ocrx_word' id='word_1_400' title='bbox 1853 3179 1949 3228; x_wconf 89' lang='lat' dir='ltr'>per</span> <span class='ocrx_word' id='word_1_401' title='bbox 2010 3163 2260 3214; x_wconf 92' lang='lat' dir='ltr'>morbum</span> 
     </span>
     <span class='ocr_line' id='line_1_90' title="bbox 1275 3232 2260 3299; baseline 0.003 -17"><span class='ocrx_word' id='word_1_402' title='bbox 1275 3233 1519 3283; x_wconf 91' lang='lat' dir='ltr'>amissam</span> <span class='ocrx_word' id='word_1_403' title='bbox 1559 3233 1773 3298; x_wconf 91' lang='lat' dir='ltr'>recepit.</span> <span class='ocrx_word' id='word_1_404' title='bbox 1850 3232 2064 3299; x_wconf 77' lang='lat' dir='ltr'>Quibus</span> <span class='ocrx_word' id='word_1_405' title='bbox 2102 3235 2260 3285; x_wconf 90' lang='lat' dir='ltr'>rebus</span> 
     </span>
     <span class='ocr_line' id='line_1_91' title="bbox 1275 3303 2263 3370; baseline 0.002 -16"><span class='ocrx_word' id='word_1_406' title='bbox 1275 3305 1509 3370; x_wconf 87' lang='lat' dir='ltr'>cognitis</span> <span class='ocrx_word' id='word_1_407' title='bbox 1562 3303 1940 3354; x_wconf 88' lang='lat' dir='ltr'>Diocletianus</span> <span class='ocrx_word' id='word_1_408' title='bbox 1992 3304 2263 3356; x_wconf 86' lang='lat' dir='ltr'>Sebastia-</span> 
     </span>
     <span class='ocr_line' id='line_1_92' title="bbox 1275 3375 2263 3441; baseline 0.001 -16"><span class='ocrx_word' id='word_1_409' title='bbox 1275 3392 1406 3425; x_wconf 92' lang='lat' dir='ltr'>num</span> <span class='ocrx_word' id='word_1_410' title='bbox 1446 3376 1516 3425; x_wconf 95' lang='lat' dir='ltr'>ad</span> <span class='ocrx_word' id='word_1_411' title='bbox 1556 3375 1606 3425; x_wconf 89' lang='lat' dir='ltr'>se</span> <span class='ocrx_word' id='word_1_412' title='bbox 1643 3382 1815 3435; x_wconf 91' lang='lat' dir='ltr'>vocat,</span> <span class='ocrx_word' id='word_1_413' title='bbox 1863 3382 1917 3426; x_wconf 89' lang='lat' dir='ltr'>et</span> <span class='ocrx_word' id='word_1_414' title='bbox 1960 3377 2263 3441; x_wconf 81' lang='lat' dir='ltr'>grauissime</span> 
     </span>
     <span class='ocr_line' id='line_1_93' title="bbox 1276 3446 2261 3513; baseline 0.003 -17"><span class='ocrx_word' id='word_1_415' title='bbox 1276 3447 1613 3513; x_wconf 87' lang='lat' dir='ltr'>increpatum</span> <span class='ocrx_word' id='word_1_416' title='bbox 1655 3448 1805 3497; x_wconf 91' lang='lat' dir='ltr'>omni</span> <span class='ocrx_word' id='word_1_417' title='bbox 1844 3447 2053 3498; x_wconf 89' lang='lat' dir='ltr'>ratione</span> <span class='ocrx_word' id='word_1_418' title='bbox 2088 3446 2120 3498; x_wconf 78' lang='lat' dir='ltr'>a</span> <span class='ocrx_word' id='word_1_419' title='bbox 2152 3448 2261 3499; x_wconf 88' lang='lat' dir='ltr'>fide</span> 
     </span>
    </p>
   </div>
   <div class='ocr_carea' id='block_1_14' title="bbox 1361 3599 2014 3702">
    <p class='ocr_par' dir='ltr' id='par_1_16' title="bbox 1361 3599 2014 3702">
     <span class='ocr_line' id='line_1_94' title="bbox 1361 3599 2014 3642; baseline 0 0"><span class='ocrx_word' id='word_1_420' title='bbox 1361 3599 1378 3625; x_wconf 81' lang='grc'>3</span> <span class='ocrx_word' id='word_1_421' title='bbox 1409 3599 1752 3642; x_wconf 87' lang='lat' dir='ltr'>combureretur</span> <span class='ocrx_word' id='word_1_422' title='bbox 1781 3613 1788 3642; x_wconf 93' lang='lat'><strong>:</strong></span> <span class='ocrx_word' id='word_1_423' title='bbox 1814 3600 1866 3642; x_wconf 84' lang='lat' dir='ltr'>R.</span> <span class='ocrx_word' id='word_1_424' title='bbox 1895 3600 1941 3641; x_wconf 90' lang='lat' dir='ltr'>P.</span> <span class='ocrx_word' id='word_1_425' title='bbox 1961 3599 2014 3642; x_wconf 85' lang='lat' dir='ltr'>A.</span> 
     </span>
     <span class='ocr_line' id='line_1_95' title="bbox 1363 3656 1787 3702; baseline -0.007 0"><span class='ocrx_word' id='word_1_426' title='bbox 1363 3656 1378 3683; x_wconf 69' lang='lat'>4</span> <span class='ocrx_word' id='word_1_427' title='bbox 1409 3665 1673 3702; x_wconf 86' lang='lat' dir='ltr'>vocetemus</span> <span class='ocrx_word' id='word_1_428' title='bbox 1700 3672 1708 3700; x_wconf 91' lang='lat'>:</span> <span class='ocrx_word' id='word_1_429' title='bbox 1734 3658 1787 3700; x_wconf 86' lang='lat' dir='ltr'>A.</span> 
     </span>
    </p>
   </div>
  </div>
 </body>
</html>
