2606 4126
309 312 327 349 1
337 298 408 363 64

519 407 574 475 (I
613 413 682 465 H
677 414 878 467 ilarion
912 399 1087 469 abbas.

591 542 636 592 I.
645 542 772 594 eb‘t'io
814 542 974 595 tertia
985 541 1013 594 ¹.

431 656 662 708 Ylarion
704 656 877 708 abbas
923 657 977 707 in
1020 657 1141 709 vico
1191 657 1301 708 Ta-

467 729 639 780 batha
666 747 838 796 prope
875 728 1085 780 Gazam
1124 729 1300 780 Pales-

297 800 431 851 tinae
458 802 649 852 vrbem
676 809 843 862 ortuS,
870 818 943 851 ex
979 802 1299 867 parentibus

296 873 596 939 gentilibus
615 873 955 925 Christianus
974 873 1085 939 ipse
1102 881 1160 924 vt
1182 874 1299 925 rosa

298 945 369 995 de
396 944 562 1012 spinis
595 945 841 996 effloruit.
920 944 1030 1011 Qui
1069 945 1298 996 alexan-

297 1017 476 1068 driam
508 1017 705 1078 missus,
734 1024 902 1084 atque
928 1018 1080 1067 breui
1116 1035 1297 1083 gram-

296 1089 558 1140 maticam
595 1087 840 1150 edo&US,
868 1096 923 1140 et
960 1089 1296 1141 Christianus

296 1159 537 1222 effectus
591 1161 871 1212 ecclesiam
932 1162 1134 1213 assidue
1194 1162 1296 1212 fre-

294 1234 615 1299 quentabat.
693 1232 820 1299 Quo
869 1240 1120 1300 tempore
1170 1252 1295 1285 cum

293 1305 528 1371 Antonij
568 1322 773 1356 nomen
809 1306 940 1356 esset
981 1323 1078 1372 per
1117 1313 1296 1357 totam

292 1376 625 1444 Aegyptum
709 1376 1141 1439 celeberrimum,
1217 1380 1295 1430 vi-

293 1450 489 1501 dendi²
532 1467 657 1500 eum
704 1449 881 1501 studio
926 1450 1174 1501 incensus
1223 1451 1294 1501 ad

291 1538 537 1572 eremum
566 1522 864 1574 contendit.
945 1522 1020 1573 Et
1047 1540 1171 1573 curn
1201 1523 1295 1574 illo

291 1593 508 1644 duobus
546 1592 818 1645 mensibus
848 1594 1104 1657 versatuS‚
1134 1595 1294 1663 ipsius

291 1666 420 1717 vitae
447 1666 734 1728 rationem,
751 1665 848 1718 ad³
869 1683 1085 1717 morum
1113 1669 1293 1734 graui-

289 1744 465 1789 tatem
538 1739 834 1805 diligenter
894 1739 1292 1806 consyderauit.

292 1809 668 1878 Reuersusque
713 1811 783 1862 ad
830 1811 1065 1879 patriam
1108 1820 1290 1864 totum

289 1883 685 1949 patrimonium
713 1882 807 1934 fibi
834 1902 867 1935 a
893 1882 1168 1936 defuncffis
1195 1902 1289 1951 pa-

290 1955 537 2006 rentibus
558 1953 807 2006 relictum
830 1957 1164 2023 pauperibus
1186 1957 1290 2008 lar-

286 2028 434 2094 gitus
474 2027 564 2080 est.
644 2028 719 2080 Et
757 2029 938 2080 adhuc
973 2029 1289 2082 adolescens

286 2118 393 2151 ‚xv.
421 2117 692 2151 annorum
720 2100 791 2151 ad
827 2118 1072 2152 eremum
1110 2119 1290 2154 reuer-

285 2173 431 2224 titur.
505 2172 616 2224 Vbi
653 2172 852 2224 cellula
886 2171 1087 2225 stru6ta
1123 2175 1289 2242 paulo

286 2245 567 2311 ampliore,
609 2262 775 2312 quam
815 2253 875 2297 vt
913 2254 1136 2313 caperet
1174 2247 1290 2298 eius

285 2317 664 2383 corpusculum
704 2335 715 2369 ε
753 2317 906 2369 sacco
942 2319 1183 2381 indutUS‚
1217 2321 1287 2371 ad

284 2389 421 2455 xxj.
471 2391 654 2441 aetatis
704 2390 811 2441 suae
870 2407 1077 2442 annum
1138 2391 1287 2452 teste,

289 2462 653 2528 Hieronymo,
674 2463 767 2529 qui
788 2463 958 2513 vitam
982 2463 1098 2514 eius
1119 2463 1288 2515 literis

286 2535 590 2595 mandauit,
616 2542 773 2586 tanta
809 2535 1138 2587 abstinentia
1174 2554 1290 2588 cor-

285 2624 390 2673 pus
431 2606 643 2667 afflixit,
680 2615 740 2657 vt
782 2608 1075 2674 quindenis
1119 2610 1286 2660 modo

284 2679 474 2730 caricis
501 2696 608 2730 vno
636 2696 856 2746 quoque
883 2680 972 2731 die
1009 2680 1127 2745 post
1164 2680 1286 2732 solis

284 2751 535 2802 occasum
564 2751 883 2812 vesceretur,
912 2760 967 2804 et
995 2751 1151 2818 super
1185 2753 1285 2804 hu-

286 2840 438 2874 mum
491 2823 664 2875 iuncis
716 2825 995 2875 duntaxat
1046 2824 1285 2888 stratam,

284 2896 354 2946 ad
376 2895 631 2947 Vltimum
652 2896 780 2947 vitae
808 2897 956 2947 diem
985 2896 1175 2948 somno
1203 2916 1284 2949 re-

285 2967 548 3019 ficeretur.
631 2969 739 3019 Hic
782 2970 1007 3020 demum
1047 2971 1282 3021 orationi

283 3047 339 3091 et
383 3040 731 3107 psalmodiae⁴
772 3041 982 3108 semper
1024 3042 1283 3103 intentuS,

283 3112 403 3178 post
430 3112 805 3164 incredibilem
835 3114 1012 3164 carnis
1041 3131 1282 3165 macera-

282 3186 490 3236 tionem
520 3193 574 3235 et
601 3186 872 3236 continua.
896 3187 1098 3237 ieiunia
1132 3185 1282 3238 osto-

282 3257 545 3323 gesimum
569 3265 730 3307 natus
752 3275 974 3321 annum,
997 3257 1284 3311 sanctitate

282 3337 338 3380 et
380 3329 653 3380 miraculis
688 3330 880 3392 clarUS,
918 3332 1177 3397 migrauit
1213 3333 1282 3382 ad

282 3402 571 3452 dominum
601 3401 709 3467 xij.
739 3402 999 3454 calendas
1036 3404 1283 3455 Nouem-

282 3474 406 3525 bris,

368 3643 383 3671 ¹
415 3643 491 3687 die
513 3656 581 3688 21.
606 3644 658 3688 in
681 3659 739 3688 m.

367 3701 385 3728 2
415 3703 591 3746 videnti
624 3719 633 3746 ε
666 3705 715 3747 Ρ.

368 3761 386 3787 3
417 3775 472 3804 ac
503 3777 511 3805 ε
547 3762 600 3804 R.
628 3762 674 3805 P.
700 3763 755 3805 A.

366 3819 384 3846 ⁴
415 3819 590 3876 psalmo
612 3821 688 3864 die
717 3836 725 3864 ε
752 3822 799 3863 Ρ.

1207 318 1502 358 OCTOBER.

1393 419 1449 476 (I
1470 413 1526 465 E
1531 415 1765 484 uarzstus
1771 413 1919 485 papa
1940 425 2162 486 martyr.
2214 418 2399 472 Leb'lz'a

1791 490 1953 543 tertia
1960 489 1991 544 ⁵.

1401 578 1750 681 EVaristus
1767 599 1915 649 papa
1932 583 2158 635 natione
2178 601 2391 651 graecus

1528 659 1685 719 patre
1712 654 1894 706 iudaeo
1919 656 2115 707 traiani
2142 664 2391 723 tempore

1387 724 1608 789 praefuit
1658 726 1907 778 ecclesiae.
1945 778 1947 780 ,
1989 728 2113 790 Hic,
2163 736 2223 779 vt
2275 727 2391 780 Da-

1389 795 1567 846 masus
1620 796 1860 859 testatur,
1908 799 2099 850 titulos
2151 801 2206 850 in
2255 800 2391 852 vrbe

1390 867 1574 919 Roma
1606 869 1943 936 presbyteris
1971 871 2165 933 diuifit,
2190 879 2246 923 et
2273 871 2390 939 sep-

1386 946 1499 990 tem
1539 941 1803 992 diaconos
1842 942 2045 1006 statuit,
2082 945 2176 1011 qui
2214 943 2390 995 custo-

1385 1012 1567 1063 dirent
1630 1013 1945 1080 episcopum
2009 1016 2388 1082 predicantem

1385 1091 1611 1150 propter
1651 1084 1829 1136 stilum
1871 1087 2133 1138 veritatis
2227 1087 2386 1139 Idem

1385 1155 1676 1218 constituit,
1701 1174 1770 1208 ne
1792 1158 1966 1224 plebis
1988 1161 2042 1210 in
2071 1159 2386 1227 episcopum

1385 1228 1656 1279 accusatio
1720 1231 2121 1283 admitteretur.
2225 1232 2387 1285 Ordi-

1385 1300 1640 1351 nationes
1681 1308 1766 1352 ter
1805 1302 2000 1355 habuit
2046 1304 2228 1355 mense
2273 1305 2388 1356 De-

1384 1373 1592 1423 cembri
1643 1374 1842 1439 quibus
1899 1375 2250 1443 presbyteros
2302 1376 2385 1443 .vj.

1383 1445 1647 1496 diaconos
1669 1445 1733 1511 .ij.
1757 1446 2039 1513 episcopos
2061 1465 2157 1515 per
2173 1448 2386 1500 diuersa

1382 1515 1504 1567 loca
1537 1535 1599 1568 .v.
1638 1520 1858 1570 creauit.
1937 1519 2217 1571 Postremo
2256 1538 2384 1572 cum

1382 1587 1594 1640 sedisset
1621 1607 1795 1640 annos
1822 1590 1910 1642 .ix.
1941 1592 2151 1644 menses
2174 1611 2244 1645 .X.
2266 1593 2383 1644 dies

1380 1659 1446 1726 ,ij
1469 1678 1616 1712 anno
1640 1662 1837 1714 vltimo
1865 1663 2089 1715 Traiani
2118 1666 2383 1732 martyrio

1379 1741 1674 1784 coronatus
1702 1733 1791 1795 est,
1820 1751 1885 1786 ac
1914 1735 2157 1803 sepultus
2186 1737 2240 1788 in
2268 1737 2382 1789 Va-

1378 1805 1563 1856 ticano
1589 1806 1693 1872 .vij.
1720 1807 1982 1859 calendas
2011 1808 2363 1862 NouembriS.

1378 1963 1434 2020 ΙΙ
1468 1957 1660 2010 Simon
1685 1967 1736 2011 et
1760 1960 1799 2011 I
1795 1960 1932 2012 udas
1956 1961 2174 2030 apostoli
2193 1961 2391 2032 duplex

1786 2033 1979 2086 maius.

1781 2139 1989 2193 Gratia.

1386 2237 1622 2340 DEuS,
1651 2238 1744 2305 qui
1773 2256 1874 2291 nos
1902 2258 1999 2307 per
2024 2241 2216 2293 beatos
2249 2259 2383 2310 apo-

1515 2309 1679 2361 stolos
1716 2320 1841 2363 tuos
1880 2313 2167 2365 Simonem
2207 2322 2262 2366 et
2298 2316 2379 2366 iu-

1375 2381 1506 2432 dam
1536 2402 1546 2433 :
1573 2384 1643 2434 ad
1673 2385 2014 2450 agnitionem
2037 2387 2115 2437 tui
2138 2388 2377 2438 nominis

1373 2454 1559 2505 venire
1585 2455 1815 2508 tribuisti
1854 2477 1865 2508 :
1900 2458 1973 2509 da
2000 2458 2157 2509 nobis
2185 2476 2376 2510 eorum

1371 2526 1606 2592 gloriam
1648 2527 2035 2595 sempiternam
2073 2538 2128 2582 et
2163 2531 2377 2598 profici-

1372 2599 1519 2649 endo
1579 2599 1870 2662 celebrare,
1929 2610 1985 2653 et
2044 2603 2376 2655 celebrando
2419 2626 2422 2627 ⁷

1371 2670 1638 2736 proficere
1666 2691 1676 2723 z
1704 2690 1805 2739 per
1831 2674 2134 2728 dominum.

1673 2806 1720 2857 L
1728 2808 1857 2859 εέῖἰο
1883 2809 2040 2860 tertia
2048 2807 2078 2862 ⁶.

1376 2901 1453 3006 S
1465 2903 1626 2954 Imon
1643 2903 1991 2969 Chananeus,
2003 2909 2374 2974 cognomento

1501 2975 1718 3037 zeloteS‚
1747 2985 1802 3028 et
1841 2978 2008 3030 Iudas
2048 2979 2251 3042 Iacobi,
2277 2983 2372 3049 qui

1371 3046 1690 3099 Thaddaeus
1771 3067 1990 3117 quoque
2074 3053 2373 3116 dicebatur,

1373 3119 1562 3170 Iacobi
1602 3120 1782 3172 fratris
1821 3123 2031 3174 domini
2072 3124 2272 3176 fratres·
2302 3127 2374 3178 de

1370 3207 1602 3243 numero
1642 3194 1935 3245 duodecim
1982 3196 2369 3262 apostolorum,

1370 3280 1541 3329 quum
1607 3265 1990 3331 Babyloniam,
2042 3269 2372 3321 vniuersam-

1370 3352 1478 3401 que
1498 3336 1607 3387 sere
1631 3337 1900 3390 Persidem
1925 3357 2209 3407 magorum
2230 3341 2371 3394 falsis

1369 3405 2370 3478 doffitrinispraestigijsqueliberassent,

1369 3487 1424 3531 et
1450 3497 1640 3532 verum
1670 3482 1864 3534 Christi
1889 3484 2097 3535 cultum
2121 3485 2370 3539 latissime

1456 3649 1474 3677 ⁵
1504 3651 1580 3695 die
1603 3651 1670 3695 26.
1694 3652 1746 3695 z'n
1768 3667 1826 3697 m.
2374 3658 2378 3659 ⁷
2411 3658 2413 3660 ’

1367 3708 1580 3810 om⁶pdie
1614 3722 1668 3765 27
1701 3713 1752 3754 2⁴72
1788 3726 1844 3756 m.
1874 3713 1928 3757 V.
1993 3713 2069 3757 die
2101 3715 2156 3760 28
2187 3730 2196 3759 :
2230 3715 2284 3760 R.
2309 3717 2364 3760 A.
