2522 4114
1185 316 1187 318 .
1212 284 1348 318 XXXI

319 418 725 488 quinquaginta
775 420 914 472 duas
965 419 1277 473 dominicas
1322 421 1388 473 ini
1429 421 1590 475 hunc,
1629 424 1858 476 modum
1911 424 2241 477 distributas,

317 506 589 572 videl-icet.
628 514 903 574 quattuor.
929 508 1000 559 de
1039 509 1301 573 aduentu,
1342 508 1484 560 inter
1521 526 1659 577 quas
1699 517 1754 562 et
1793 505 2246 579 septuagesimam

320 591 613 644 necessario
640 592 902 644 adminus-
925 593 1178 646 incidunt
1203 601 1330 656 treS,
1358 586 1496 663 quae·
1512 595 1865 663 appellantur
1891 596 2012 664 post
2038 596 2246 648 aduen-

319 681 454 726 tum.
547 676 691 729 Sunt
742 675 932 728 etiam>
963 677 1086 728 aliae
1138 685 1268 744 tres,
1310 674 1736 745 septuagefimae‚
1788 680 2141 747 sexagesimae
2193 678 2249 731 et
2323 682 2325 684 ’

319 762 802 830 quinquagesimae,
853 779 1071 814 necnon
1132 771 1397 830 quattuor
1455 764 1889 832 quadragesimae
1946 782 2094 817 cum·
2126 763 2249 831 alijs

319 849 537 901 duabus
577 849 646 900 de
673 846 928 916 passione,
958 858 1014 902 et
1041 850 1367 917 palmarum.
1447 851 1668 903 Deinde
1694 851 1895 919 pascha·
1920 860 1976 904 et
2003 852 2126 904 aliae
2153 851 2249 903 sex

321 935 441 1003 post
479 935 691 1003 pascha.
772 937 1039 988 Proximo
1090 936 1214 988 loco
1253 938 1612 1005 pentecosteS,
1653 939 1796 990 inter
1833 956 2001 1007 quam
2041 947 2098 991 et
2141 939 2249 1007 pri-

322 1039 471 1074 mam
510 1023 785 1074 aduentus
825 1020 1117 1075 necessario
1156 1023 1227 1075 ad
1267 1025 1451 1076 minus
1493 1025 1869 1077 interueniunt
1902 1025 2099 1092 viginti
2137 1032 2250 1077 tres

320 1106 630 1168 dominicae,
650 1109 781 1174 'quae
808 1107 1187 1176 appellantur¹
1215 1108 1336 1177 post
1363 1110 1731 1177 pentecosten.
1811 1110 1956 1163 Sunt
1982 1116 2251 1177 praeterea

319 1192 566 1259 quinque
594 1193 716 1244 aliae
756 1211 894 1261 quas
934 1194 1139 1246 idcirco
1165 1195 1454 1262 Vagantes
1473 1182 1654 1247 ‘visum
1681 1196 1758 1248 est
1786 1195 2089 1263 appellare,
2117 1196 2249 1263 quia

319 1286 547 1346 propter
582 1279 908 1331 varietatem
944 1279 1353 1347 septuagefimae
1390 1298 1501 1332 non
1529 1281 1741 1349 semper
1766 1282 1977 1334 habent
2011 1283 2248 1334 eandem

320 1364 515 1415 sedem.
559 1364 648 1416 sed
694 1366 1020 1432 quibusdam
1068 1367 1240 1417 annis
1270 1367 1522 1420 incidunt
1567 1386 1763 1420 omnes
1808 1369 2053 1436 quinque
2094 1367 2249 1420 simul

319 1448 463 1500 inter
511 1451 733 1501 tertiam
779 1450 899 1518 post
949 1451 1254 1502 aduentum
1303 1460 1359 1503 et
1411 1452 1879 1521 septuagesimam,
1920 1453 2248 1521 quibusdam

316 1551 462 1594 ver0,
516 1535 659 1586 inter
708 1535 1025 1602 vigesimam
1077 1535 1303 1588 tertiam·
1351 1538 1471 1605 post
1509 1539 1866 1606 pentecosten
1917 1547 1973 1591 et
2011 1539 2249 1607 primam

318 1621 606 1673 aduentuS.
669 1621 816 1688 Alijs
844 1630 1033 1673 autem
1062 1623 1220 1674 annis
1250 1621 1421 1691 (quod
1446 1623 1788 1691 frequentius
1809 1625 2107 1692 contingit)
2137 1642 2248 1677 non

318 1723 512 1758 omnes
555 1709 801 1776 quinque
841 1709 1013 1771 simul,
1062 1710 1162 1761 sed*
1195 1717 1418 1762 tantum
1470 1729 1598 1778 pars
1649 1728 1839 1763 earum
1882 1711 2075 1762 incidit
2118 1718 2249 1763 ante

318 1793 788 1861 septuagesimam,
834 1805 890 1849 et
930 1797 1143 1864 reliqua
1193 1815 1320 1865 pars
1366 1798 1556 1865 postea
1600 1806 1731 1849 ante
1782 1798 2104 1850 aduentum.
2181 1797 2247 1848 In

316 1879 587 1932 breuiario
627 1890 814 1934 autem
854 1881 1032 1934 officia
1072 1900 1261 1934 earum
1302 1882 1485 1934 locata
1524 1883 1646 1934 sunt
1685 1883 1828 1934 inter
1868 1883 2090 1934 tertiam
2130 1882 2249 1951 post

318 1966 639 2030 aduentum,
689 1975 745 2019 et
797 1968 1267 2036 septuagesimam,
1309 1968 1686 2020 distribuenda
1731 1967 1952 2035 singulis
1994 1968 2152 2019 annis
2189 1975 2250 2019 vt

317 2051 621 2115 inciderint,
660 2054 810 2121 quod
850 2053 1326 2122 quemadmodum
1367 2054 1483 2105 fieri
1522 2054 1741 2116 debeat,
1780 2055 1836 2105 in
1874 2054 2134 2121 proxima
2173 2052 2249 2105 se·
2281 2086 2284 2090 -

315 2138 507 2204 quenti
547 2139 737 2206 regula
775 2140 1001 2208 dicetur.
1082 2139 1177 2191 Est
1216 2147 1404 2191 autem
1445 2140 1852 2192 aduertendum
1892 2139 2042 2207 quod
2083 2140 2249 2191 inter-

316 2225 451 2275 dum
492 2225 615 2277 sunt
654 2227 1177 2294 quinquagintatres
1217 2227 1514 2278 dominicae
1552 2228 1703 2295 quod
1755 2235 1946 2279 tamen
1989 2243 2099 2278 non
2145 2227 2248 2278 fre-

316 2312 574 2378 quentius
607 2330 774 2380 quam
812 2313 969 2365 sexto
1006 2331 1228 2382 quoque
1263 2331 1412 2365 anno
1451 2315 1773 2382 contingere
1811 2314 1989 2383 potest
2024 2322 2080 2367 et
2115 2321 2249 2366 tunc

317 2397 556 2449 officium
584 2399 744 2451 vnius
772 2401 1052 2467 repetitur,
1079 2408 1142 2452 vtv
1167 2402 1220 2451 in
1250 2400 1495 2467 sequenti
1524 2399 1726 2467 regula.

511 2579 567 2636 {I
603 2575 872 2640 Quomodo
897 2575 1282 2646 dislrz'b'uenda2
1293 2578 1432 2645 sunt
1446 2577 1464 2603 ³
1490 2578 1769 2630 domz'nz'cae
1793 2587 2062 2647 vagantes.

428 2721 484 2777 ([
535 2718 732 2769 Finitis
773 2719 950 2770 tribus
992 2719 1285 2770 dominicis
1331 2719 1451 2786 post
1495 2720 1800 2771 aduentum
1843 2737 1971 2771 cum
2009 2720 2246 2773 totidem

317 2803 685 2855 hebdomadis
725 2803 759 2854 fi
800 2805 1080 2855 dominica
1120 2804 1302 2856 statim
1343 2804 1572 2871 sequens
1623 2805 1787 2857 fuerit
1838 2805 2248 2874 septuagesima,

318 2889 646 2940 omittentur
689 2897 820 2940 tunc
859 2907 1052 2942 omnes
1092 2891 1336 2958 quinque
1374 2899 1641 2958 vagantes
1682 2891 2021 2943 resumendae
2059 2893 2247 2959 postea

319 2975 462 3026 inter
486 2975 803 3042 vigesimam
832 2977 1053 3028 tertiam
1081 2976 1200 3044 post
1227 2977 1580 3044 pentecosten
1608 2985 1663 3029 et
1690 2978 1925 3045 primam
1960 2979 2248 3033 aduentus,
2312 3000 2315 3003 ·

322 3060 382 3112 Si
432 3078 562 3112 vero
615 3078 726 3111 non
771 3061 954 3113 statim
998 3071 1250 3114 occurrat
1300 3062 1712 3130 septuagesima,
1761 3062 1963 3131 legitur
2012 3065 2082 3116 de
2123 3065 2247 3132 ipsis

318 3146 650 3213 vagantibus
686 3147 967 3214 quousque
995 3148 1109 3215 ipsa
1136 3156 1400 3208 occurrat,
1430 3166 1495 3200 ea
1522 3156 1709 3200 autem
1737 3157 2058 3201 occurrente
2083 3150 2248 3202 cessa-

318 3231 456 3282 bunt
507 3239 660 3295 tune,
701 3250 827 3299 quae
879 3233 1242 3301 superfuerint
1291 3242 1576 3301 vaganteS‚
1630 3242 1685 3286 et
1736 3234 2078 3286 resumentur
2127 3236 2247 3304 post

318 3316 635 3383 vigesimam
663 3319 885 3369 tertiam
913 3319 1033 3387 post
1067 3319 1436 3387 pentecosten.
1514 3319 1595 3371 At
1624 3337 1693 3371 ne
1721 3321 1963 3372 incertus
1992 3321 2114 3388 quis
2143 3322 2248 3374 esse

319 3404 477 3470 posiit
505 3401 537 3454 a
564 3421 672 3470 qua
699 3401 970 3456 dictarum
999 3406 1324 3472 vagantium
1353 3413 1486 3456 tunc
1514 3407 1717 3458 debeat
1744 3407 1997 3474 incipere,
2025 3407 2247 3471 oblitus,

319 3490 589 3552 videlicet,
641 3490 696 3541 in
749 3508 857 3557 qua
909 3492 1122 3543 deflerit
1174 3500 1303 3543 ante
1361 3492 1830 3560 septuagesimam,
1882 3495 2137 3546 aduertat
2190 3496 2245 3546 in

319 3575 509 3627 tabula
535 3575 654 3642 post
681 3576 1056 3629 calendarium
1086 3578 1286 3645 posita-,-
1304 3586 1440 3644 quot
1469 3580 1760 3630 dominicae
1783 3587 2052 3646 vagantes
2081 3580 2246 3631 inter-

380 3728 393 3755 1
428 3729 719 3785 appellentur
757 3746 765 3774 :
800 3732 848 3774 P.
1378 3734 1517 3792 ⁸stnt
1544 3750 1551 3778 :
1578 3735 1632 3778 R.
1661 3735 1708 3777 P.

378 3787 395 3814 ²
426 3788 745 3843 dssrt'buendoe
774 3804 783 3833 :
810 3791 862 3833 R.
890 3792 937 3835 P.
964 3791 1018 3835 A.
