2606 4126
1089 293 1253 333 FEBR
1261 293 1338 334 UA
1343 294 1500 336 RIUS.

267 391 385 443 dux
429 391 615 443 extitit
647 390 728 441 vir
764 390 983 457 pietate,
1027 396 1082 441 et
1128 389 1249 441 reli-

172 508 174 511 ,
266 463 441 528 gione‚
519 462 1003 529 magnitudineque
1081 461 1248 511 animi

269 532 444 584 clarus
479 530 766 584 Adau&us
805 532 976 583 Italus
1013 532 1247 583 natione.

269 603 377 671 Qui
417 603 602 655 multis
651 602 946 654 honoribus
996 602 1250 669 reipubli-

266 691 344 725 cae
382 671 611 732 func‘tus,
657 681 775 725 tum
817 691 1035 740 quoque
1074 673 1248 740 publi-

265 762 389 796 cum
417 762 616 796 munus
643 746 697 796 in
725 744 817 795 illa
843 745 974 796 vrbe
995 744 1248 795 adminis-

263 816 458 867 trabat.
535 815 714 866 Huius
758 817 901 866 enim
947 817 1001 866 in
1045 815 1250 866 confes-

262 886 405 938 fione
444 886 637 939 Christi
677 886 1034 937 constantiam
1070 887 1248 938 omnis

261 957 494 1024 populus
530 957 739 1009 secutus
777 957 865 1018 est,
897 974 1071 1024 eoque
1110 958 1249 1009 duce

262 1028 526 1079 clarisfimi
554 1028 795 1094 martyrij
818 1028 1060 1094 palmam
1082 1029 1246 1095 adep—

259 1106 348 1150 tus
374 1099 476 1166 .vij.
504 1100 637 1152 idus,
670 1101 715 1150 F
716 1099 962 1166 ebruarij.

259 1218 315 1275 ΙΙ
341 1215 628 1281 Apollonia
654 1215 807 1283 virgo
832 1225 1052 1281 martyr.
1122 1216 1247 1267 Lec-

671 1287 743 1338 tio
769 1286 890 1354 ,z'z'j¹.

260 1376 612 1478 APollonia
644 1378 799 1444 virgo
833 1378 885 1428 in
913 1378 1044 1429 vrbe
1071 1377 1247 1429 Alex-

388 1449 616 1500 andrina
643 1449 897 1500 saeuiente
929 1450 981 1499 in
1010 1450 1245 1500 christia-

260 1536 360 1569 nos
404 1527 651 1586 tempore
698 1520 852 1585 Decij
872 1579 879 1583 „
900 1521 1244 1587 imperatoris

259 1590 640 1656 persecutione,
683 1608 807 1642 cum
853 1593 961 1642 iam
1002 1593 1055 1642 in
1095 1592 1243 1642 senili

258 1669 422 1712 aetate
448 1660 480 1712 a
505 1661 945 1730 furente‘populo
981 1671 1243 1730 correpta,

257 1740 312 1783 et
361 1733 432 1783 ad
482 1733 630 1784 idola
691 1732 954 1800 perducta
1015 1735 1242 1785 adorare

257 1803 564 1855 recusasset:
637 1806 829 1857 dentes
894 1806 942 1855 ei
1004 1806 1239 1871 primum

257 1875 419 1925 effossi
465 1875 585 1926 sunt
624 1892 829 1936 omneS‚
873 1876 1070 1927 deinde
1114 1894 1239 1927 con-

255 1945 416 2012 gestis
482 1945 654 2012 lignis,
719 1947 1040 2014 incensoque
1108 1964 1240 2013 rogo

257 2017 627 2068 combusturos
655 2017 705 2068 se
730 2019 1006 2069 minantur
1031 2019 1239 2070 carnifi-

256 2105 344 2139 ces
380 2089 584 2139 viuam:
629 2089 720 2139 nisi
758 2090 1026 2141 Christum
1067 2090 1239 2141 detes-

257 2166 388 2220 tata,
415 2161 547 2210 deos
578 2160 785 2210 alienos
820 2161 1082 2212 adoraret.
1159 2161 1240 2212 At

256 2229 350 2280 illa
382 2231 435 2280 in
468 2230 574 2282 fide
603 2231 793 2283 Christi
827 2232 1240 2283 constantisslme

256 2301 616 2367 perseuerans,
651 2303 1062 2353 crudeliffimam
1099 2321 1238 2353 mor-

256 2380 367 2422 tem
401 2372 574 2424 subire
609 2374 823 2424 maluit:
862 2391 1027 2440 quam
1057 2373 1087 2424 a
1113 2392 1240 2425 vera

255 2443 460 2509 pietate
510 2444 793 2507 discedere.
873 2446 1068 2512 Itaque
1124 2463 1236 2496 cor-

255 2531 385 2580 pore
413 2515 700 2566 saeuiffimis
727 2515 962 2566 flammis
989 2517 1238 2583 absump-

254 2594 326 2647 to,
353 2583 584 2637 inuiGtus
621 2586 832 2653 spiritus
861 2587 913 2637 in
941 2588 1139 2639 coelum
1169 2589 1237 2638 ad

256 2657 498 2723 martyrij
563 2675 821 2709 coronam
886 2659 1124 2709 euolauit
1177 2677 1236 2710 .V.

254 2728 373 2778 idus
400 2727 669 2794 februarij.

253 2856 307 2913 (Ι
382 2852 622 2904 Sime0n²
682 2854 940 2921 episcopus
1014 2864 1235 2922 martyr.

595 2925 772 2977 Lec‘Zz‘o
798 2925 924 2993 ‚2'3'7'91

261 3014 452 3117 POst
485 3019 806 3084 martyrium
846 3019 1030 3069 Iacobi
1058 3019 1237 3070 fratris

391 3089 612 3150 domini,
656 3097 710 3140 et
754 3091 951 3141 deinde
996 3091 1234 3141 secutum

253 3157 706 3224 lerosolymorum
753 3162 1054 3213 excidium:
1110 3179 1235 3212 cum

251 3229 493 3295 apostoli,
564 3233 855 3298 caeterique
931 3232 1236 3299 superstites

251 3300 494 3366 discipuli
531 3303 770 3368 Vndique
809 3301 983 3353 coacti
1028 3304 1097 3354 de
1142 3305 1234 3354 eli-

246 3372 427 3436 gendo
448 3372 696 3439 episcopo
718 3374 770 3423 in
798 3391 1087 3425 commune
1109 3392 1235 3426 con-

248 3442 527 3494 sultarent:
580 3461 781 3510 magno
820 3446 1066 3495 omnium
1106 3463 1234 3496 con-

247 3512 394 3563 sensu
436 3514 657 3566 Simeon
699 3515 959 3582 Cleophae
998 3516 1139 3567 filius
1179 3518 1232 3567 in

336 3706 350 3732 ¹
386 3707 461 3751 die
482 3719 534 3763 .9.
561 3709 610 3750 in
633 3723 689 3751 m.
757 3724 839 3752 om.
870 3712 915 3752 P.

333 3763 350 3790 2
386 3765 546 3809 Simon
576 3781 584 3809 ε
610 3767 656 3808 Ρ.

2223 297 2314 351 115

1337 391 1608 443 demortui
1634 391 1847 444 Iacobi⁴
1865 393 2043 445 locum
2055 395 2319 450 sufficitur.

1339 461 1447 528 Qui
1487 463 1838 515 consobrinus
1886 465 2077 516 Christi
2119 467 2318 519 idcirco

1338 534 1647 594 vocabatur,
1683 536 1810 601 quia
1846 535 2119 602 Cleophas
2158 538 2321 590 frater

1336 603 1437 655 fuit
1460 604 1667 671 Ioseph,
1689 613 1748 657 vt
1777 607 2077 673 Egeslppus
2097 607 2172 659 est
2192 626 2317 660 auc-

1334 682 1432 725 tor.
1512 675 1651 727 Cum
1697 694 1826 743 ergo
1872 676 2096 729 Simeon
2133 680 2319 731 multis

1334 746 1491 796 annis
1546 745 1671 798 huic
1734 747 1965 799 ecclefiae
2016 750 2319 815 praefuisset,

1334 816 1572 868 Traiano
1598 819 1925 885 imperatore
1950 819 2172 872 Atticus
2197 839 2325 874 con-

1335 886 1519 938 sularis
1559 891 1780 955 cognito
1819 891 1967 957 quod
2003 890 2090 941 hic
2122 909 2193 942 ex
2228 911 2321 960 ge-

1335 975 1461 1009 nere
1501 960 1686 1010 Dauid
1722 961 1850 1012 esset
1890 969 1944 1012 et
1988 962 2318 1026 christianuS,

1334 1029 1519 1081 multis
1576 1049 1699 1082 eum
1777 1032 2050 1099 supplicijs
2119 1034 2314 1086 affecit.

1334 1100 1548 1167 Quibus
1593 1103 1728 1154 mira
1771 1105 2036 1170 patientia
2078 1105 2320 1157 toleratis

1333 1172 1402 1223 ad
1442 1190 1655 1224 crucem
1701 1175 2007 1237 damnatur,
2046 1176 2220 1238 iussus,
2259 1186 2318 1229 vt

1332 1260 1494 1310 quem
1544 1246 1658 1296 vita
1697 1246 1912 1308 coleret,
1953 1247 2067 1297 eius
2105 1249 2318 1300 exitum

1333 1322 1507 1366 morte
1551 1334 1769 1383 quoque
1819 1318 2132 1369 imitaretur.
2209 1319 2319 1370 Ita-

1332 1403 1438 1452 que
1474 1388 1615 1438 cruci
1653 1387 1852 1439 affixus
1890 1389 1966 1440 est
1998 1388 2106 1454 .xij.
2138 1390 2318 1441 calen-

1330 1457 1428 1507 das
1449 1459 1631 1524 Martij
1652 1476 1775 1510 cum
1798 1477 1940 1511 cxx.
1963 1478 2135 1512 annos
2157 1469 2318 1513 natus

1330 1528 1470 1590 esset,
1530 1528 1739 1581 cunc‘tis
1801 1531 2197 1583 admirantibus
2262 1534 2314 1583 in

1329 1616 1553 1666 corpore
1579 1608 1692 1652 tam
1721 1602 1882 1661 senili,
1903 1610 2017 1653 tam
2039 1603 2316 1655 robustum

1328 1672 1571 1722 animum
1590 1674 1659 1723 ad
1679 1672 1901 1724 ferenda
1918 1673 2177 1741 supplicia
2198 1692 2316 1742 per-

1327 1740 1519 1793 stitisse.

1326 1904 1381 1960 ΙΙ
1454 1901 1714 1954 Cathedra
1763 1903 1921 1955 Petri
1965 1890 2178 1973 apostoli
2221 1906 2318 1957 du-

1383 1973 1510 2038 plex
1531 1974 1719 2025 maius,
1769 1975 1848 2025 ad
1861 1975 2106 2043 vesperas,
2145 1978 2317 2042 Hym-

1397 2061 1507 2094 nm.

1443 2149 1788 2216 Vodcunque
1814 2151 2004 2202 vinclis
2032 2152 2186 2219 super
2210 2161 2316 2205 ter-

1467 2237 1583 2271 ram
1611 2221 1907 2272 strinxerit:
1948 2223 2066 2274 Erit
2094 2225 2146 2274 in
2166 2225 2315 2276 astris

1327 2291 1612 2357 religatum
1642 2293 1876 2344 fortiter:
1918 2294 1991 2344 Et
2013 2297 2159 2360 quod
2180 2296 2316 2347 reso-

1327 2363 1426 2413 luit
1462 2363 1514 2412 in
1550 2364 1703 2414 terris
1739 2365 1982 2416 arbitrio:
2024 2366 2142 2417 Erit
2178 2367 2315 2417 solu-

1326 2442 1443 2484 tum
1481 2434 1635 2500 super
1669 2436 1791 2485 coeli
1835 2437 2069 2487 radium:
2111 2439 2174 2488 In
2209 2438 2315 2489 fine

1327 2506 1515 2556 mundi
1544 2506 1713 2556 iudex
1742 2507 1842 2558 erit
1870 2507 2041 2560 seculi.

1397 2575 1582 2627 Gloria
1621 2579 1761 2643 patri
1802 2595 1897 2644 per
1936 2579 2198 2631 immensa
2242 2580 2315 2631 se-

1324 2646 1468 2697 cula:
1500 2648 1583 2700 Sit
1607 2649 1704 2699 tibi
1728 2657 1854 2700 nate
1875 2651 2054 2712 decus,
2072 2659 2126 2702 et
2148 2652 2316 2718 impe-

1322 2719 1486 2770 rium:
1518 2720 1726 2781 Honor,
1750 2721 1999 2786 potestaS‚
2024 2720 2316 2789 sancfftoque

1324 2789 1527 2856 spiritui
1572 2791 1656 2842 Sit
1689 2792 1918 2843 trinitati
1954 2793 2091 2843 salus
2122 2794 2314 2844 indiui-

1324 2861 1431 2911 dua
1453 2862 1552 2912 Per
1578 2862 1788 2913 infinita
1809 2863 2105 2914 seculorum
2126 2864 2313 2917 secula.

1323 2931 1526 2984 Amen.

1716 3058 1919 3110 Oratio,

1335 3155 1566 3255 DEuS‚
1593 3158 1685 3223 qui
1713 3158 1875 3208 beato
1912 3158 2072 3208 Petro
2100 3159 2313 3225 aposto-

1460 3229 1513 3278 lo
1540 3236 1635 3279 tuo
1663 3228 1873 3279 collatis
1894 3228 2138 3279 clauibus
2161 3232 2311 3296 regni

1321 3300 1548 3352 coelestis
1601 3301 1810 3350 animas
1874 3299 2093 3366 ligandi,
2147 3310 2312 3368 atque

1322 3372 1562 3423 soluendi
1620 3369 1959 3436 pontificium
2010 3373 2310 3425 tradidisti:

1320 3443 1571 3501 concede,
1627 3450 1684 3491 vt
1748 3442 2130 3492 intercessionis
2196 3444 2310 3494 eius

1320 3514 1526 3566 auxilio
1554 3511 1585 3562 a
1615 3520 1965 3578 peccatorum
2008 3513 2315 3565 nostrorum

1417 3711 1434 3738 3
1463 3711 1540 3755 die
1565 3712 1627 3755 18.
1650 3712 1702 3754 in
1724 3725 1780 3754 m.

1415 3769 1432 3795 ⁴
1466 3769 1625 3813 Iocabi
1655 3784 1663 3812 ε
1692 3770 1738 3811 Ρ.
