2606 4126
1065 259 1150 298 ΝΟ
1164 255 1432 297 VEMBER.

197 355 335 405 citur
371 355 443 406 ad
482 355 688 417 saltum,
717 354 749 407 a
787 354 929 406 zoilo
959 351 1182 421 presby-

195 432 313 476 tero
351 425 647 488 inuentum,
682 427 736 478 in
775 427 942 478 domo
980 425 1070 476 sua
1109 424 1184 475 se·

197 495 412 562 pultum
441 497 529 549 est.

593 609 791 661 Oratio,

196 698 438 803 ADesto
464 700 686 750 domine
703 698 1184 766 supplicationibus

338 770 526 821 nostris
554 788 565 822 :
590 779 648 822 vt
675 771 768 836 qui
797 788 867 820 ex
897 770 1184 834 iniquitate

137 860 139 862 ·
196 842 374 893 nostra
401 859 519 892 reos
547 859 644 892 nos
673 842 776 892 esse
797 840 1183 906 cognoscimus

195 914 342 964 beati
407 912 746 977 Chrysogoni
799 911 1053 977 martyris
1103 911 1183 960 tui

201 984 567 1037 intercessione
595 983 886 1034 liberemur
911 1002 922 1032 ε
950 999 1057 1048 per.

196 1120 252 1176 ([
285 1115 570 1168 Camerina
587 1115 740 1195 virgo
765 1123 975 1180 marzjzsr
997 1113 1188 1181 duplex

599 1203 791 1237 muzus,

591 1296 791 1348 Oratio,

310 1389 438 1447 Eua
464 1388 554 1454 qui
583 1388 772 1438 dedisti
801 1387 978 1454 legem
1009 1387 1182 1452 Moysi

333 1461 384 1510 in
409 1457 751 1510 summitate*
770 1460 972 1509 montis
996 1459 1146 1510 Sinai
1171 1475 1182 1509 ε

194 1539 250 1582 et
278 1532 330 1581 in
360 1533 552 1582 eodem
581 1530 701 1581 loco
728 1547 824 1596 per
850 1527 1059 1580 sanctos
1087 1547 1181 1579 an-

193 1603 344 1668 gelos
372 1610 494 1653 tuos
521 1619 717 1667 corpus
738 1603 914 1651 beatae
938 1601 1184 1652 Catheri-

36 1661 41 1666 ’
106 1678 109 1680 ’
194 1691 280 1739 nae
306 1673 528 1739 virginis
567 1681 621 1723 et
658 1673 909 1738 martyris
942 1680 1051 1722 tuae
1084 1673 1182 1722 mi-

195 1744 436 1795 rabiliter
460 1743 731 1795 collocasti
760 1763 770 1794 :
809 1743 1000 1810 praesta
1035 1761 1182 1809 quae-

193 1815 374 1866 sumus
403 1835 412 1867 :
446 1823 506 1866 vt
541 1817 655 1865 eius
687 1815 892 1865 meritis
927 1822 981 1864 et
1021 1815 1182 1864 inter-

193 1888 419 1937 cessione
444 1887 513 1936 ad
542 1893 802 1946 montem,
823 1886 916 1951 qui
940 1885 1180 1937 Christus

194 1957 281 2016 est,
302 1958 584 2024 peruenire
603 1957 883 2007 valeamus
905 1975 914 2006 :
938 1974 1035 2023 per
1051 1974 1181 2007 eun-

192 2030 319 2080 dem
347 2029 644 2080 dominum.

523 2153 703 2204 Lec‘Zio
729 2152 846 2220 227².

197 2245 563 2349 CAtherina
611 2246 765 2312 virgo
818 2245 1179 2297 alexandrina

326 2317 482 2367 claris
522 2318 795 2367 natalibus
827 2325 959 2379 orta,
988 2317 1178 2368 libera-

190 2388 330 2439 libus
357 2387 649 2455 disciplinis
677 2389 745 2439 ab
764 2390 983 2439 ineunte
1001 2397 1178 2451 aetate‚

191 2468 246 2510 et
290 2458 484 2511 sanctis
530 2460 770 2511 moribus
816 2460 1088 2521 instituta„
1123 2462 1176 2510 in

191 2548 313 2582 eam
342 2529 640 2582 sanctitatis
667 2540 721 2582 et
742 2530 1003 2582 doctrinae
1028 2549 1179 2598 mag-

191 2602 493 2653 nitudinem
534 2602 714 2663 euafit,
738 2611 797 2654 vt
836 2620 1009 2653 annos
1048 2613 1178 2654 nata

192 2674 355 2739 .xviij.
384 2672 713 2725 doctissimos
749 2675 915 2724 etiam
943 2675 1086 2725 viros
1122 2683 1177 2726 et

191 2746 524 2811 grauissimos
606 2744 879 2811 superaret
944 2765 954 2796 :
1020 2753 1176 2797 tanto

192 2816 365 2867 studio
405 2815 639 2882 flagrans
673 2816 972 2867 christianae
1005 2818 1175 2883 pieta-

191 2889 274 2948 tis,
335 2895 393 2937 vt
455 2904 579 2937 cum
645 2888 917 2952 Maxentij
972 2889 1176 2939 saeuitia

191 2959 391 3009 multos
407 2958 812 3009 christianorum
832 2961 900 3009 ad
921 2960 1178 3026 supplicia

190 3038 244 3081 et
295 3046 480 3080 necem
542 3030 773 3080 abstrahi
835 3032 1178 3081 animaduer—

190 3109 343 3162 teret,
420 3118 529 3151 non
605 3102 938 3152 dubitauerit
1002 3103 1174 3168 ipsum

192 3173 354 3231 adire,
425 3173 712 3238 eidemque
775 3173 1174 3224 immanitatem

192 3244 642 3309 impietatemque
718 3245 1035 3309 grauissimis
1123 3253 1177 3294 et

193 3313 503 3365 doctissimis
554 3314 741 3365 verbis.
796 3315 1175 3380 improperare.

193 3386 359 3438 Cuius
387 3385 708 3451 sapientiam
736 3392 789 3435 et
817 3386 1175 3437 constantiam

192 3455 515 3508 demiratos³
557 3457 876 3507 Maxentius
927 3457 1177 3508 asseruari

279 3600 295 3628 1
325 3599 599 3643 summitatis
626 3615 635 3643 ε
657 3601 712 3644 Α.

277 3658 294 3685 2
325 3659 399 3701 die
421 3671 444 3700 2
453 3668 489 3713 5.
512 3659 564 3700 in
587 3673 644 3701 m.

278 3715 296 3742 3
327 3717 610 3759 demiratus:
640 3717 690 3758 R.
719 3717 765 3758 P.
788 3718 843 3761 A,

2163 252 2258 304 173

1269 367 1389 400 eam
1419 349 1581 409 iubet,
1601 356 1744 400 etex
1763 349 1924 415 varijs
1946 351 2259 416 regionibus

1267 421 1408 471 viros
1427 418 1752 470 doctisiimos
1774 437 2087 482 conuocare,
2109 439 2258 488 mag-

1268 507 1341 541 no
1379 491 1588 556 premio
1628 491 1900 557 proposito
1933 491 1966 540 si
1999 492 2120 557 quis
2159 492 2260 543 Ca-

1267 561 1534 612 therinam
1563 561 1885 621 conuicisset‚
1915 568 1968 612 et
1996 563 2256 626 religione

1269 632 1677 682 christianorum
1729 633 2014 684 auertisset.
2090 633 2256 699 Quod

1268 702 1431 767 longe
1459 703 1605 753 secus
1625 704 1820 761 euenit.
1877 703 2086 754 Habita
2112 705 2256 754 enim

1268 773 1434 839 longa
1495 790 1618 823 cum
1693 774 2103 839 quinquaginta,
2164 776 2257 839 qui

1269 852 1654 904 conuenerant,
1682 841 1993 894 doctissimis
2021 844 2255 910 philoso-

1271 912 1421 981 phis⁴
1463 915 1831 981 disputatione
1884 934 1893 966 :
1938 932 2129 966 omnes
2179 916 2259 966 su-

1270 993 1488 1051 peratos
1515 986 1584 1036 ad
1616 986 1807 1037 Christi
1836 986 2002 1036 fidem
2032 1003 2257 1042 conuer-

1269 1058 1336 1108 tit
1368 1075 1378 1108 :
1418 1064 1473 1108 et
1499 1057 1566 1108 s1c
1593 1057 1647 1106 in
1676 1057 1783 1107 fide
1811 1056 2173 1119 confirmauit,
2199 1065 2258 1108 vt

1269 1145 1367 1194 pro
1407 1145 1470 1178 ea
1509 1129 1645 1178 mori
1685 1145 1793 1178 non
1833 1128 2204 1179 dubitauerint
2247 1146 2258 1180 :

1268 1200 1426 1250 Tunc
1469 1199 1788 1250 Maxentius
1841 1200 1910 1250 ad
1962 1199 2259 1265 blanditias

1267 1270 1554 1320 conuersus
1597 1271 1809 1336 magnis
1854 1270 2259 1336 pollicitationi-

1267 1342 1368 1392 bus
1380 1341 1730 1393 Catherinam
1750 1342 2075 1407 aggreditur.
2104 1340 2257 1407 Quas

1268 1429 1390 1462 cum
1419 1413 1572 1478 virgo
1600 1413 1938 1478 repudiasset,
1958 1412 2257 1479 plumbatis

1268 1484 1478 1535 scuticis
1515 1484 1866 1534 crudelissime
1900 1483 2035 1534 caesa
2062 1484 2115 1534 in
2143 1501 2256 1534 car-

1267 1572 1443 1605 cerem
1484 1555 1903 1605 obscurisfimum
1935 1555 2257 1617 detruditur,

1266 1634 1321 1676 et
1390 1626 1642 1677 vndecim
1711 1626 1904 1676 diebus
1981 1626 2254 1676 continuis

1266 1693 1425 1758 fame,
1467 1705 1522 1747 et
1566 1697 1644 1747 siti
1680 1698 1930 1756 cruciata,
1974 1698 2042 1747 ad
2082 1697 2255 1763 gladi-

1267 1786 1421 1818 orum
1458 1775 1634 1818 rotam
1671 1768 1979 1818 extrahitur
2010 1769 2256 1818 excarni-

1267 1837 1491 1890 ficanda.
1570 1840 1716 1889 Rota
1767 1847 1949 1889 autem
1995 1841 2256 1889 continuo

1266 1911 1334 1960 ad
1399 1911 1558 1977 ipsius
1621 1927 1808 1976 preces
1870 1908 2148 1960 confracta
2198 1918 2253 1960 et

1266 1983 1604 2032 comminuta
1645 1981 1733 2031 est.
1824 1980 1949 2047 Quo
1996 1981 2255 2031 miraculo

1266 2053 1423 2103 multi
1451 2053 1571 2103 sunt
1598 2053 1668 2102 ad
1709 2052 1901 2103 Christi
1936 2052 2098 2103 fidem
2128 2069 2255 2102 con-

1267 2125 1411 2175 uersi.
1488 2124 1598 2175 Sed
1626 2140 1748 2174 cum
1777 2124 1894 2173 haec
1920 2125 2109 2173 omnia
2136 2123 2254 2190 sup-

1265 2196 1427 2262 plicia
1465 2212 1665 2261 magno
1698 2196 1880 2244 animo
1925 2195 2110 2245 diuina
2149 2212 2254 2260 ope

1265 2267 1565 2332 superasset,
1647 2266 1868 2316 iubente
1946 2266 2252 2328 Maxentio,

1264 2339 1415 2388 cuius
1478 2345 1594 2388 erat
1663 2337 1963 2387 obstinatus
2026 2338 2254 2398 animm,

1265 2411 1442 2475 capite
1477 2406 1734 2474 plectitur
1765 2409 1833 2457 ad
1868 2408 1967 2473 xij.
1995 2408 2252 2458 calendas

1265 2480 1597 2531 Decembris
1675 2480 1807 2529 Eius
1843 2487 2025 2529 autem
2055 2496 2251 2544 corpus

1265 2554 1317 2602 in
1355 2552 1488 2603 Sina
1507 2558 1693 2601 monte
1712 2550 1934 2600 Arabiae
1965 2550 2254 2600 ministerio

1264 2623 1580 2688 angelorum
1644 2623 1927 2672 conditum
1991 2621 2093 2672 esse
2146 2629 2253 2672 tra-

1263 2696 1423 2746 ditur.

1358 2872 1414 2927 CI
1446 2869 1643 2918 Petrus
1667 2867 1920 2933 epifivpus
1946 2876 2163 2933 martyr.

1597 2995 1777 3046 LebZz'o
1802 2993 1924 3061 .2'3'j⁵.

1271 3102 1354 3203 P
1369 3101 1531 3150 Etrus
1542 3099 1939 3150 Alexandrinae
1957 3099 2100 3150 vrbis
2119 3100 2252 3165 epis-

1406 3188 1574 3237 copus
1619 3171 1862 3220 Theonae
1903 3171 2249 3236 integerrimo

1263 3245 1379 3294 viro
1417 3242 1665 3300 succesfit,
1717 3242 1799 3291 vir
1848 3242 1996 3291 omni
2047 3242 2248 3292 virtute

1262 3313 1580 3365 cumulatus,
1659 3312 1766 3378 Qui
1810 3329 1906 3378 per
1948 3313 2247 3363 vniuersam

1262 3386 1604 3450 Aegyptum,
1629 3384 1778 3434 velut
1804 3383 1990 3433 lucifer
2024 3384 2248 3448 quidam

1264 3456 1468 3507 effulsit.
1533 3455 1840 3505 Duodecim
1892 3472 2064 3505 annos
2116 3455 2250 3521 epis-

1352 3600 1368 3627 4
1399 3599 1673 3656 presbyteris
1703 3601 1790 3642 :A.

1354 3659 1370 3685 ⁵
1403 3661 1475 3702 die
1498 3658 1579 3701 ‚26
1604 3660 1653 3700 in
1678 3672 1733 3700 m.
