2606 4126
1196 214 1229 252 I
1231 213 1345 254 UNI
1349 214 1431 254 US.

279 304 447 358 caesus
485 305 574 369 est,
599 307 774 358 donec
801 307 1042 375 spiritum
1077 307 1264 369 emifit,

281 376 547 436 Protasius
587 394 715 429 vero
759 377 984 429 fustibus
1028 378 1264 444 primum

278 446 552 499 saeuisfime
617 448 928 500 verberatus
995 448 1265 516 postremo

278 518 458 584 capite
518 525 799 570 truncatus
851 519 939 571 est.
1016 518 1264 586 Quorum

278 605 505 654 corpora
533 589 815 656 Philippus
835 591 1059 656 quidam
1086 590 1166 641 vir
1186 607 1264 640 re-

279 658 496 724 ligiosus
531 676 594 711 ac
628 661 750 727 pius
784 660 924 712 clam
959 661 1177 719 sustulit,
1209 668 1264 711 et

279 729 334 779 in
371 731 590 796 propria
626 732 793 782 domo
825 731 1079 798 sepeliuit.
1154 731 1263 782 Vbi

276 817 400 850 cum
433 802 526 852 diu
565 801 850 862 latuissent,
877 803 948 853 ab
973 802 1263 853 Ambrosio

277 870 530 938 episcopo
574 872 957 924 mediolanensi
1001 873 1261 924 diuinitus

275 942 560 993 admonito
601 943 823 994 inuenta
861 944 993 1006 sunt,
1039 952 1095 995 et
1138 961 1261 995 cum

276 1029 478 1079 magna
539 1014 729 1080 populi
791 1016 1138 1066 veneratione
1206 1016 1260 1066 in

273 1083 632 1135 honestissimo
671 1093 726 1136 et
764 1085 910 1136 sacro
948 1085 1069 1137 loco
1108 1103 1261 1152 repo-

275 1154 385 1206 fita.
460 1155 592 1206 Pasfi
644 1155 764 1207 sunt
813 1164 997 1207 autem
1050 1158 1260 1208 Medio-

272 1224 383 1276 lani
410 1225 538 1293 ,xiij.
565 1226 825 1278 calendas
854 1228 977 1294 Iulij
990 1226 1020 1279 ¹.

272 1357 328 1413 (I
355 1352 655 1406 *Natiuz'tas
723 1355 948 1407 Ioannis
1014 1356 1266 1424 Baptzstae

341 1425 533 1492 duplex
591 1426 781 1478 maius,
843 1426 919 1478 ²et
973 1427 1128 1478 habet
1186 1445 1262 1478 oc-

343 1503 530 1547 tauam
567 1497 723 1563 vsque
759 1498 839 1548 ad
868 1498 1069 1565 festum
1105 1499 1263 1564 sanc-

342 1576 519 1618 torum
567 1569 729 1619 Petri
777 1577 830 1619 et
883 1569 1090 1621 Paulffl.
1165 1570 1266 1620 Ad

340 1638 576 1705 vesperas
600 1639 866 1705 Hymnus.

270 1723 429 1826 VT
455 1732 661 1790 queant
687 1724 828 1776 laxis
851 1725 1095 1776 resonare
1113 1725 1260 1777 fibris

419 1795 564 1846 Mira
599 1796 870 1862 gestorum
911 1797 1099 1848 famuli
1140 1805 1259 1848 tuo-

270 1882 405 1926 rum,
444 1866 610 1918 Solue
649 1867 844 1933 polluti
880 1868 1007 1935 labij
1050 1876 1259 1919 reatum

270 1934 474 1988 Samffte
502 1938 751 1990 Ioannes,

341 2008 392 2058 N
400 2009 588 2059 uncius
615 2009 753 2060 celso
774 2009 997 2061 veniens
1018 2009 1259 2077 olymp0‚

267 2077 350 2130 Te
411 2080 553 2146 patri
611 2097 872 2147 magnum
929 2081 1042 2132 fore
1093 2083 1260 2133 nasci-

266 2157 449 2201 turum
501 2169 511 2201 :
558 2151 774 2202 Nomen
815 2159 869 2203 et
906 2153 1032 2203 vitae
1071 2152 1257 2204 seriem

264 2222 520 2288 gerendae
548 2222 754 2274 Ordine
780 2224 996 2290 promit.

340 2292 441 2343 Ille
495 2295 728 2360 promiffi
780 2295 977 2345 dubius
1028 2294 1256 2362 superni,

267 2363 510 2415 Perdidit
560 2373 831 2432 promptae
877 2366 1128 2417 modulos
1178 2367 1257 2417 lo-

265 2435 457 2501 quelae‚
513 2435 623 2487 Sed
687 2436 983 2487 reformasti
1039 2438 1255 2504 genitus

264 2514 565 2573 peremptae
594 2507 818 2573 Organa
844 2509 1004 2559 vocis,

337 2577 558 2629 Ventris
585 2577 848 2630 obstruso³
874 2580 1138 2631 recubans
1165 2598 1255 2632 cu-

263 2647 374 2710 bili,
437 2648 689 2701 Senseras
752 2667 935 2717 regem
1010 2651 1254 2703 thalamo

265 2727 594 2783 manentem,
660 2721 807 2773 Hinc
882 2739 1077 2788 parens
1139 2724 1254 2775 nati

265 2792 470 2842 meritis
495 2799 721 2859 vterque
746 2793 960 2844 Abdita
987 2795 1193 2860 pandit.

335 2862 522 2914 Gloria
548 2864 705 2930 patri,
732 2865 1042 2932 genitaeque
1076 2866 1214 2932 proli
1244 2885 1255 2917 :

265 2933 339 2985 Et
363 2934 463 2985 tibi
499 2952 725 3001 compar
748 2936 1021 3002 Vtriusque
1047 2937 1256 3004 semper

263 3004 499 3071 Spiritus
544 3006 688 3056 alme
730 3007 864 3058 deus
913 3024 1053 3059 vnus
1103 3009 1254 3059 omni

263 3076 539 3143 Tempore
566 3077 700 3129 secli.
774 3077 976 3130 Amen.

654 3194 860 3247 Gratia.
954 3223 957 3226 ·

257 3284 487 3387 DEuS‚
513 3287 606 3366 qui
634 3287 952 3369 praesentem
979 3288 1125 3370 diem
1153 3287 1250 3370 ho:

394 3357 694 3409 norabllem
758 3360 914 3410 nobls
977 3377 1031 3411 1n
1101 3360 1246 3412 beati

342 3501 359 3530 1
394 3503 511 3559 Iunij
543 3505 628 3548 :A.

341 3560 406 3588 2-2
435 3576 520 3604 om.
547 3563 599 3605 R.
623 3564 668 3605 P.
688 3564 742 3607 A.

341 3619 358 3645 ³
389 3620 570 3662 obtruso
601 3622 686 3663 :A.

340 3675 356 3703 4
388 3677 462 3720 die
486 3689 551 3730 24.
578 3679 626 3720 in
651 3693 707 3721 m.

2243 212 2335 266 135

1351 307 1575 358 Ioannis
1638 309 1925 360 natiuitate
1987 310 2150 362 fecisti
2209 331 2219 363 :
2268 313 2340 363 da

1348 378 1565 445 populis
1592 380 1698 430 tuis
1726 379 2078 446 spiritualium
2105 383 2337 447 gratiam

1348 450 1671 514 gaudiorum
1703 469 1713 501 :
1742 458 1796 501 et
1823 451 2068 502 omnium
2096 452 2337 503 fidelium

1348 527 1559 570 mentes
1620 522 1792 587 dirige
1855 522 1908 572 in
1959 523 2103 573 viam
2155 522 2337 574 salutis

1346 598 1566 642 aeternae
1597 610 1607 642 :
1633 609 1746 659 per.

1346 738 1402 794 ΙΙ
1442 736 1544 787 Ad
1564 737 1892 790 matutinum
1921 739 2297 791 z‘nuz'tatorz'um
2306 738 2337 792 ⁴.

1419 838 1631 904 Regem
1670 841 2010 906 praecursoris
2049 843 2336 894 dominum

1344 910 1526 960 venite
1553 911 1857 963 adoremus,

1706 1036 1973 1102 Hymnus.

1427 1135 1565 1186 Ntra
1591 1135 1785 1187 deserti
1820 1136 2020 1187 teneris
2048 1136 2142 1188 sub
2181 1138 2337 1188 annis

1488 1207 1706 1258 Ciuium
1746 1214 1952 1258 turmas
1991 1207 2204 1273 fugiens
2244 1226 2337 1275 pe-

1343 1276 1450 1328 tisti
1492 1296 1502 1328 :
1541 1278 1628 1328 Ne
1672 1277 1778 1329 leui
1824 1278 2013 1330 saltem
2064 1279 2336 1330 maculare

1346 1348 1513 1399 vitam
1544 1350 1770 1400 Famine
1796 1350 1984 1416 posseS.

1418 1420 1657 1472 Praebuit
1700 1420 1903 1471 hirtum
1955 1420 2195 1487 tegimen
2247 1438 2335 1473 ca·

1346 1490 1533 1553 meluS,
1570 1491 1818 1542 Artubus
1852 1492 2009 1543 sacris
2038 1492 2332 1559 strophium

1344 1562 1594 1613 bidentes
1652 1581 1662 1613 :
1717 1563 1816 1614 Cui
1868 1563 2019 1614 latex
2068 1563 2335 1627 haustum,

1345 1633 1544 1684 sociata
1570 1634 1781 1700 pastum
1812 1634 1981 1684 Mella
2008 1633 2237 1687 locustis,

1418 1704 1615 1755 Caeteri
1642 1713 1857 1756 tantum
1885 1706 2126 1756 cecinere
2146 1714 2332 1757 vatum

1346 1775 1525 1827 Corde
1552 1777 1775 1842 presago
1808 1776 1963 1826 iubar
2000 1777 2294 1827 affuturum
2324 1797 2334 1828 :

1344 1846 1430 1897 Tu
1472 1847 1695 1913 quidem
1741 1848 1931 1898 mundi
1978 1847 2144 1906 scelus
2188 1848 2336 1900 aufe-

1343 1927 1552 1968 rentem
1582 1919 1771 1970 Indice
1797 1919 1996 1985 prodis,

1416 1990 1545 2040 Non
1608 1990 1710 2040 fuit
1770 1989 1902 2041 vasti
1955 1990 2185 2056 spatium
2238 2007 2335 2057 per

1343 2060 1487 2111 orbis
1518 2059 1770 2112 San5tior
1795 2060 2077 2127 quisquam
2114 2063 2333 2127 genitus

1346 2131 1553 2182 Ioanne
1593 2151 1603 2182 :
1643 2132 1751 2198 Qui
1792 2132 1945 2183 nefas
1982 2132 2102 2183 secli
2137 2134 2331 2184 meruit

1342 2201 1620 2253 lauantem
1646 2203 1882 2269 Tingere
1907 2203 2139 2270 limphis.

1414 2274 1601 2325 Gloria
1626 2273 1805 2341 patri⁵.

1659 2407 1841 2459 Lec‘Zz‘o
1878 2406 1999 2475 ‚z‘z'j⁶.

1429 2505 1698 2557 Acharias
1738 2505 1998 2566 sacerdOS‚
2029 2506 2111 2557 vir
2148 2506 2329 2569 iustuS‚

1465 2585 1520 2628 et
1558 2578 1776 2644 egregia
1814 2578 1867 2627 in
1907 2578 2071 2628 deum
2110 2578 2329 2644 pietate,

1338 2665 1569 2700 onrem
1604 2650 1796 2700 habuit
1826 2648 2105 2699 Elisabeth
2140 2667 2327 2715 parem

1338 2720 1432 2771 fibi
1460 2728 1513 2771 et
1541 2721 1781 2771 moribus
1821 2727 1875 2771 et
1903 2718 2203 2784 san&itate,
2232 2720 2330 2771 ste-

1339 2791 1492 2842 rilem
1527 2799 1728 2843 tamen.
1806 2792 2001 2858 Itaque
2028 2792 2135 2842 iam
2163 2792 2327 2842 ambo

1339 2862 1488 2914 senes
1552 2864 1606 2913 in
1659 2863 1895 2914 orbitate
1945 2879 2068 2913 cum
2122 2880 2327 2929 magno

1339 2933 1570 2985 filiorum
1593 2934 1876 3000 desyderio
1893 2934 2181 3000 degebant.
2213 2935 2324 2986 Sed

1338 3022 1462 3055 cum
1490 3005 1765 3056 zacharias
1800 3013 2047 3071 tempore
2087 3005 2326 3055 Herodis

1340 3077 1543 3127 Iudaeae
1584 3077 1723 3142 regis
1762 3076 2029 3142 templum
2068 3076 2325 3142 ingressus

1337 3147 1407 3198 ad
1460 3147 1866 3199 sacrificandum
1916 3147 2191 3198 incensum
2230 3164 2325 3214 ap-

1336 3227 1580 3285 poneret,
1618 3219 1874 3284 apparuit
1906 3218 1954 3268 ei
1990 3218 2218 3284 angelus
2252 3220 2322 3269 ad

1334 3291 1623 3340 dexteram
1664 3289 1847 3340 altaris
1886 3289 2229 3355 turbatoque,
2269 3299 2324 3341 et

1333 3362 1549 3412 timenti
1576 3362 1666 3412 ait.
1725 3361 1811 3411 Ne
1838 3361 2033 3411 timeas
2061 3361 2324 3422 zacharia,

1420 3505 1437 3533 ⁵
1469 3505 1683 3562 vtschra
1705 3521 1721 3550 .·
1741 3505 1843 3548 add.
1867 3506 1914 3549 P.
1967 3510 2023 3548 vl
2040 3506 2170 3562 itgfra
2186 3519 2202 3548 :
2218 3506 2321 3548 add.

1333 3565 1386 3608 Α·
1412 3562 1541 3666 [6υὲῗὲ
1559 3562 2159 3678 W}'iiif‘xssrsszsssszz-i...
