2606 4126
0 2138 7 2151 1

0 2288 8 2307 2

11 2690 21 2766 ἰ(

0 2767 15 2786 vl

10 2798 37 2865 2.

10 2873 17 2923 ἱ

101 0 300 50 affl
466 0 489 6 ·’
538 0 540 3 ’

796 765 1049 817 INDEX
1114 766 1791 820 ANTIPHONARUM.

271 918 389 959 Haec
408 919 495 960 dies
514 933 637 972 quam
657 920 750 960 fecit
770 921 972 970 dominus,
999 931 1048 975 59

268 973 336 1012 Ne
355 973 638 1019 reminiscaris,
659 987 710 1024 42

266 1026 389 1066 Salve
409 1027 547 1079 regina
565 1027 879 1074 misericordiae,
902 1040 921 1065 2
930 1041 949 1078 5

1338 922 1478 962 Sancti
1499 922 1565 961 dei
1585 935 1740 967 omneS,
1765 935 1812 971 23

1337 976 1422 1014 Sub
1444 982 1558 1014 tuum
1579 975 1839 1027 praesidium,
1868 989 1916 1026 ²3

859 1321 1115 1371 INDEX
1181 1321 1727 1374 CANTVICORUM.

263 1482 417 1521 Audite
436 1483 539 1522 caeli
558 1496 661 1535 quae
681 1484 838 1535 loquor,
865 1484 911 1523 16

262 1535 498 1575 Benedicite
517 1537 655 1576 omnia
674 1550 810 1589 opera,
838 1551 858 1576 2

262 1588 508 1629 Benedictus
525 1590 715 1630 dominus
733 1591 832 1630 deus
854 1591 992 1635 Israel,
1017 1604 1036 1629 2

262 1642 484 1682 Cantemus
510 1643 698 1683 domino:
727 1644 905 1695 gloriose
929 1644 1036 1682 enim
1065 1644 1250 1695 magnifi-

314 1701 427 1735 catus
446 1701 519 1742 est,
545 1710 560 1735 1
573 1710 588 1735 1

262 1747 502 1788 Confitebor
519 1750 594 1788 tibi
613 1750 798 1798 domine,
819 1751 844 1791 6

260 1802 440 1842 Domine
458 1803 596 1842 audivi
615 1803 866 1843 auditionem
888 1809 1012 1851 tuam,
1044 1816 1088 1853 13

1339 1485 1429 1535 Ego
1449 1484 1534 1523 dixi
1554 1485 1596 1523 in
1618 1484 1789 1523 dimidio
1809 1486 1979 1532 dierum,
2008 1497 2028 1535 7

1338 1537 1547 1576 Exultavit
1569 1551 1639 1577 cor
1658 1551 1794 1577 meum
1815 1539 1855 1576 in
1877 1539 2058 1583 domino,
2080 1551 2104 1590 9

1337 1590 1577 1642 Magnificat
1597 1591 1733 1630 anima
1753 1605 1855 1639 mea,
1883 1604 1903 1642 5

1337 1645 1459 1683 Nunc
1480 1645 1665 1690 dimittis,
1688 1657 1709 1693 5

1336 1698 1581 1749 Quicunque
1602 1698 1687 1737 vult
1707 1699 1841 1737 salvus
1861 1712 1962 1746 esse,
1988 1712 2009 1748 3

1335 1751 1396 1789 Te
1418 1752 1553 1790 Deum
1574 1752 1800 1799 laudamus,
1832 1766 1844 1790 1

577 2102 830 2152 INDEX
901 2101 1374 2153 HYMNORUM
1443 2101 2001 2153 METRICORUM.

256 2265 325 2304 Ad
345 2278 514 2304 coenam
534 2264 627 2316 agni
648 2265 821 2316 providi,
844 2277 894 2317 59

256 2318 415 2358 Adesto
436 2319 588 2358 Sancta
608 2319 800 2366 Trinitas,
829 2329 872 2368 71

256 2373 438 2411 Aeterna
458 2371 612 2411 Christi
632 2385 799 2411 munera
818 2372 1110 2423 apostolorum,
1138 2374 1211 2421 184

256 2425 438 2465 Aeterna
457 2425 610 2464 Christi
630 2438 797 2464 munera
818 2432 858 2464 et
877 2431 1113 2476 martyrum,
1141 2429 1213 2475 185

255 2479 435 2518 Aeterne
454 2492 523 2518 rex
542 2478 750 2524 altissime,
772 2477 821 2529 67

254 2532 475 2583 Angularis
494 2531 817 2580 fundamentum,
848 2532 919 2571 168

254 2586 388 2625 Antra
406 2585 555 2625 deserti
575 2585 723 2625 teneris
742 2586 816 2625 sub
837 2586 965 2634 annis,
996 2597 1067 2635 135

253 2639 294 2677 A
314 2639 410 2678 solis
430 2645 542 2678 ortus
561 2639 739 2684 cardine,
767 2641 841 2679 180

255 2692 367 2731 Audi
387 2692 564 2744 benigne
584 2693 782 2740 conditor,
809 2706 858 2743 42

251 2747 342 2785 Ave
361 2746 484 2785 maris
503 2746 633 2791 stella,
659 2758 729 2797 191

295 2828 319 2844 ,‚
358 2799 400 2838 in
420 2799 715 2851 purificatione,
745 2813 817 2849 113

294 2881 319 2897 ,,
370 2881 395 2898 ,,
417 2852 746 2900 annunciatione,
776 2864 843 2891 121

294 2934 319 2951 ‚,
369 2934 394 2951 ,‚
418 2906 660 2952 visitatione,
687 2918 760 2958 139

293 2987 318 3004 ,,
368 2987 394 3005 ,,
414 2959 519 2999 festo
537 2960 590 2998 ad
610 2959 737 3006 nives,
766 2970 836 3008 145

291 3040 318 3057 „
369 3041 394 3058 „
415 3012 704 3064 assumptione,
732 3026 805 3065 149

293 3094 318 3111 ‚,
369 3094 393 3111 „
415 3066 642 3110 nativitate,
670 3078 741 3116 153

291 3146 318 3164 ‚,
369 3147 394 3164 ,‚
415 3119 727 3170 presentatione‚
767 3130 841 3169 170

294 3200 322 3217 „
374 3200 397 3217 ,‚
418 3172 699 3224 conceptione,
730 3183 800 3222 177

250 3226 389 3264 Aurea
409 3226 497 3265 luce
517 3232 558 3265 et
577 3226 723 3264 decore
744 3238 873 3270 roseo,
900 3235 971 3275 137

250 3279 381 3318 Aures
401 3279 453 3317 ad
474 3285 632 3318 nostras
652 3279 815 3317 deitatis
835 3291 988 3330 preces,
1016 3277 1067 3325 46

249 3332 410 3371 Aurora
429 3332 530 3371 lucis
549 3332 701 3377 rutilat,
723 3334 774 3380 58

250 3385 411 3424 Christe
432 3386 665 3437 redemptor
685 3385 868 3423 omnium
889 3398 1095 3429 conserva,
1125 3385 1194 3431 165

249 3438 413 3478 Christe
434 3439 666 3490 redemptor
686 3438 868 3476 omnium
890 3452 938 3476 ex
959 3445 1087 3488 patre,
1119 3440 1192 3475 180

249 3491 413 3531 Christe
432 3498 665 3531 sanctorum
685 3493 808 3530 decus
829 3492 1082 3542 angelorum,
1115 3492 1188 3538 158

249 3545 454 3584 Conditor
473 3546 580 3584 alme
599 3546 803 3595 syderum,
829 3558 878 3595 ²4

249 3598 362 3637 Deus
382 3604 543 3637 tuorum
565 3599 754 3645 militum,
785 3600 855 3647 185

249 3651 406 3690 Doctor
424 3652 585 3703 egregie
608 3652 733 3690 Paule
753 3664 885 3690 mores
905 3651 1070 3697 instrue,
1101 3663 1173 3702 109

294 3732 318 3750 ,‚
358 3705 398 3743 in
417 3704 805 3745 commemoratione
827 3704 953 3753 (lunii
976 3706 1056 3753 30),
1088 3716 1160 3754 139

1330 2266 1495 2304 Exultet
1516 2265 1675 2303 coelum
1696 2265 1896 2312 laudibus,
1927 2267 2001 2315 184

1328 2319 1494 2357 Exultet
1515 2318 1704 2357 laudibus
1724 2325 1881 2358 sacrata
1899 2319 2058 2365 concio,
2086 2318 2159 2369 146

1325 2372 1470 2411 Gaude
1490 2380 1620 2410 mater
1639 2372 1818 2423 pietatis,
1845 2384 1915 2422 145

1327 2426 1473 2464 Hostis
1495 2425 1685 2464 Herodes
1705 2425 1843 2476 impie,
1876 2438 1948 2474 104

1327 2479 1462 2517 Huius
1488 2480 1658 2517 obtentu
1685 2479 1785 2517 deus
1810 2479 1917 2517 alme
1936 2479 2084 2518 nostris
2108 2479 2164 2527 (in
2188 2479 2229 2518 S.
2256 2480 2317 2518 M.

1433 2533 1607 2583 Magd.),
1640 2545 1707 2580 141

1398 2614 1422 2630 ,‚
1579 2613 1587 2630 ‚
1646 2584 1703 2633 (S.
1728 2583 1882 2635 Anna),
1915 2599 2007 2636 143.

1324 2639 1414 2677 Iam
1452 2639 1560 2677 bone
1602 2645 1740 2689 pastor
1781 2640 1898 2678 Petre
1939 2640 2118 2678 clemens
2164 2639 2316 2691 accipe,

1383 2693 1455 2732 116

1324 2746 1414 2784 Iam
1436 2745 1622 2784 Christus
1642 2752 1749 2784 astra
1769 2746 2023 2790 ascenderat,
2046 2744 2097 2797 69

1324 2800 1413 2838 Iam
1434 2799 1536 2837 lucis
1556 2806 1646 2837 orto
1666 2799 1821 2849 sydere,
1849 2812 1896 2847 23

1324 2853 1417 2891 Iesu
1438 2865 1590 2891 corona
1610 2853 1767 2899 celsior,
1798 2853 1870 2891 186

1324 2907 1418 2945 Iesu
1439 2912 1576 2944 nostra
1598 2906 1840 2955 redemptio,
1864 2904 1914 2943 66

1322 2960 1415 2998 Iesu
1436 2959 1615 2998 saluator
1635 2959 1774 3003 seculi,
1800 2958 1873 2997 166

1323 3013 1406 3051 Iste
1427 3012 1634 3051 confessor
1654 3012 1812 3050 domini
1833 3018 2025 3058 sacratus,
2057 3012 2127 3050 186

1324 3066 1481 3104 Lustris
1503 3078 1571 3103 sex
1592 3065 1662 3116 qui
1684 3065 1764 3103 iam
1786 3066 1972 3115 peractis,
2002 3066 2074 3103 128

1518 3147 1542 3163 ‚,
1574 3118 1614 3156 in
1636 3118 1883 3157 exaltatione
1906 3119 1949 3158 S.
1973 3119 2128 3163 Crucis,
2156 3132 2230 3167 154

1324 3173 1479 3222 Martyr
1500 3172 1566 3210 dei
1587 3172 1656 3223 qui
1675 3172 1853 3219 unicum,
1886 3173 1954 3220 185

1323 3226 1459 3264 Nocte
1480 3232 1689 3275 surgentes
1709 3225 1922 3275 vigilemus
1943 3238 2098 3271 omnes,
2127 3237 2176 3277 39

1324 3280 1446 3317 Nunc
1467 3287 1604 3317 sancte
1625 3278 1744 3317 nobis
1764 3278 1943 3328 spiritus,
1967 3291 2016 3328 24

1324 3333 1360 3370 O
1383 3332 1575 3370 Gloriosa
1595 3332 1775 3377 domina,
1807 3333 1879 3370 188

1595 3386 1636 3422 111
1658 3385 1952 3436 purificatione,
1982 3398 1995 3422 1
2007 3397 2051 3432 13

1650 3438 1895 3482 visitatione,
1923 3450 1995 3489 139

1650 3491 1752 3530 sesto
1773 3492 1825 3529 ad
1846 3491 1972 3534 nives,
2000 3503 2069 3540 145

1648 3545 1940 3595 assumptione,
1968 3557 2039 3595 149

1653 3599 1880 3649 nativitate,
1909 3608 1981 3647 153

1654 3651 1967 3702 presentatione‚
1995 3664 2061 3699 171

1653 3705 1935 3756 conceptione,
1966 3715 2038 3754 177

2010 3784 2174 3835 13—2
