2522 4114
1165 312 1284 365 xlvi
1345 315 1347 318 ’

1103 459 1142 521 =1
1332 480 1383 520 12
1593 487 1618 519 2
1803 483 1868 519 11>
2063 486 2090 518 2

357 569 639 627 Septembris
970 480 1002 726 {
1097 578 1150 610 10
1332 576 1384 608 12
1460 594 1470 600 x
1803 574 1854 607 12

307 718 317 724 l
520 708 524 710 ,
1093 665 1151 697 20
1333 664 1350 695 1
1364 664 1380 696 1
1594 663 1621 695 2
1804 662 1855 694 12
2064 663 2090 694 2
2157 682 2160 684 v

1126 795 1144 827 1
1333 793 1350 824 1
1363 794 1380 825 1
1803 792 1855 836 13

361 874 567 919 OHobris
1097 883 1151 914 10
1332 881 1386 913 1o
1593 880 1620 912 2
1803 879 1856 923 13
2065 879 2090 911 2

970 784 1004 1031 {
1092 971 1150 1002 20
1333 969 1406 1000 10·
1675 1019 1680 1023 .
1724 981 1727 983 -
1803 967 1857 1010 14

1128 1100 1145 1131 1
1356 1099 1385 1143 9
1594 1098 1620 1142 3
1804 1097 1858 1139 14
2068 1097 2086 1129 1

357 1178 639 1230 Nouembris
1098 1189 1151 1220 10
1357 1187 1386 1232 9
1594 1185 1620 1217 2
1803 1184 1858 1227 14
2064 1185 2091 1217 2

971 1092 1003 1336 {
1094 1277 1152 1307 20
1357 1275 1386 1318 9
1599 1273 1615 1304 1
1804 1272 1858 1328 14

1126 1405 1143 1435 1
1355 1404 1384 1448 9
1803 1399 1852 1446 15

358 1483 623 1527 Decembris
1097 1492 1150 1523 10
1356 1491 1385 1535 9
1803 1487 1852 1534 15

969 1394 1002 1641 ξ
1092 1580 1148 1611 2ο
1354 1580 1383 1623 9
1802 1575 1849 1622 15

445 1714 650 1773 Martz'jl
903 1727 919 1757 1
966 1712 994 1867 }

1026 1772 1326 1830 Equinoflia.

447 1833 727 1890 Septembris
846 1844 863 1875 1
873 1831 928 1887 36
935 1829 953 1858 ²

445 1963 571 2006 Iuni.
876 1974 891 2004 1
906 1974 922 2004 1

677 2080 685 2089 ι
970 1979 997 2132 }
1033 2019 1254 2075 Solstz‘tz‘a.

445 2079 707 2124 Decembrzs
876 2091 892 2122 1
906 2091 922 2122 1

852 2402 917 2458 (s
963 2402 1127 2446 Canon
1158 2402 1328 2447 tabulae
1348 2405 1601 2460 perpetuoe.

276 2529 342 2586 ([
396 2532 469 2574 Ex
500 2529 789 2586 infrascripta
828 2529 990 2573 tabula
1030 2527 1089 2572 fic
1129 2528 1242 2572 festa
1283 2528 1479 2572 mobilia
1520 2527 1708 2583 fingulis
1749 2527 1888 2571 annis
1922 2527 2273 2584 deprehendere

185 2590 374 2649 poteris.
439 2591 494 2633 In
530 2589 682 2646 primo
723 2601 1024 2632 numerorum
1066 2587 1229 2630 ordine
1274 2587 1353 2643 qui
1395 2587 1657 2630 inscribitur
1693 2600 1859 2631 aureus
1896 2600 2118 2630 numerus
2159 2587 2272 2630 311111

185 2650 316 2694 0111115
349 2648 461 2691 festa
495 2647 818 2705 perquirimus.
852 2660 1045 2689 aureum
1074 2659 1320 2688 numerum
1358 2653 1591 2700 notamus,
1629 2653 1677 2689 et
1710 2645 1798 2689 sub
1832 2659 1887 2689 eo
1923 2645 2127 2689 eiusdem
2161 2645 2272 2689 311111

185 2707 518 2752 dominicalem
548 2705 731 2749 literam
766 2705 920 2748 eidem
955 2718 1149 2748 numero
1186 2704 1530 2761 proximiorem,
1568 2704 1650 2747 sub
1679 2718 1735 2747 eo
1762 2703 1986 2759 inquam:
2018 2718 2132 2747 nam
2163 2718 2271 2762 quae

182 2781 209 2811 e
242 2766 431 2822 regione
463 2765 644 2809 numeri
681 2765 744 2807 est
784 2764 938 2807 eidem
978 2777 1175 2806 numero
1216 2776 1312 2805 non
1354 2763 1541 2806 inseruit
1582 2762 1662 2805 sed
1698 2762 2022 2818 superioribus.
2087 2763 2272 2819 Quibus

185 2826 243 2868 fic
275 2823 547 2878 constitutis,
589 2823 650 2866 ad
680 2823 919 2865 dexteram
953 2836 978 2865 e
1014 2822 1205 2876 regione
1247 2821 1346 2864 eius
1383 2821 1679 2864 dominicalis
1713 2822 1861 2865 literae
1902 2821 1960 2865 fic
2002 2821 2272 2867 adinuentae

185 2884 296 2928 festa
331 2882 491 2927 omnia
524 2881 719 2925 mobilia
752 2881 833 2925 sub
869 2880 959 2923 suis
995 2880 1171 2936 fingula
1211 2880 1358 2923 titulis
1393 2880 1706 2923 inueniuntur.
1799 2881 2037 2924 Caeterum
2078 2894 2187 2924 cum
2221 2880 2271 2924 in

185 2957 309 2986 anno
350 2941 560 2985 bissextili
603 2940 776 2997 duplex
816 2938 1018 2983 occurrit
1057 2939 1192 2982 litera
1232 2938 1544 2993 dominicalis,
1586 2939 1702 2982 feria
1743 2946 1914 2995 quarta
1957 2939 2182 2994 cinerum,
2223 2947 2272 2984 et

185 3016 291 3058 quae
325 3000 466 3044 citra3
501 3013 602 3042 eam
642 2999 690 3041 in
724 2998 884 3042 tabula
922 2998 1080 3041 locata
1117 2997 1220 3040 sunt
1256 3011 1340 3053 per
1374 2997 1577 3052 priorem
1611 2997 1710 3040 eius
1745 2997 1856 3040 anni
1891 2997 2077 3042 literam
2112 2997 2270 3055 exqui-

185 3069 358 3103 runtur.
424 3059 625 3114 Reliqua
652 3071 735 3114 per
761 3056 1076 3113 posteriorem,
1105 3056 1184 3099 sed
1211 3055 1299 3099 has
1329 3056 1447 3099 duas
1475 3055 1635 3098 literas
1664 3056 1888 3112 proximis
1917 3055 2121 3099 inuicem
2153 3056 2271 3102 locis

185 3119 232 3162 in
267 3117 427 3162 tabula
460 3117 645 3159 situatas
688 3116 899 3171 accipere
939 3122 1136 3172 oportet,
1174 3114 1241 3157 ita
1275 3122 1324 3158 vt
1360 3122 1525 3158 neutra
1566 3128 1727 3157 earum
1760 3114 1812 3158 fit
1853 3129 1879 3159 e
1915 3114 2105 3170 regione
2142 3115 2271 3160 aurei

185 3177 379 3231 numeri,
423 3175 822 3231 quemadmodum
869 3175 928 3217 de
970 3173 1109 3217 vnica
1150 3172 1422 3217 dominicali
1462 3173 1598 3216 litera
1639 3171 1817 3216 dicium
1859 3174 1923 3218 est
1963 3173 2041 3217 sed
2084 3181 2130 3218 et
2169 3173 2272 3219 dies

184 3236 390 3280 cinerum
426 3234 456 3277 fi
493 3234 540 3276 in
582 3233 735 3277 mense
775 3232 934 3288 Martij
978 3232 1146 3276 eodem
1188 3246 1313 3276 anno
1356 3232 1569 3276 bissextili
1611 3231 1828 3276 inciderit
1870 3232 1947 3276 die
1984 3246 2078 3276 vno
2119 3233 2180 3277 ab
2213 3246 2270 3278 eo

185 3294 262 3353 qui
295 3294 343 3337 in
374 3293 534 3337 tabula
565 3292 759 3349 scriptus
794 3292 856 3335 est
888 3291 1064 3336 retrahi
1102 3290 1254 3335 debet.

289 3491 303 3517 1
668 3467 829 3543 Mertij
993 3512 997 3515 ’
1020 3503 1067 3530 10

334 3546 589 3599 Equinoaia
1626 3545 1662 3586 '²
1695 3559 1757 3599 ¹3⁶
1817 3547 1868 3586 R'
1892 3547 1946 3585 A'

669 3599 914 3652 septembri-5
1019 3613 1064 3651 ¹3
1643 3628 1659 3654 ³
1687 3629 1797 3670 circa
1832 3644 1840 3669 ε
1874 3629 1926 3669 R.
1952 3630 1997 3670 P.
2024 3629 2080 3668 A.

665 3692 794 3744 Iunis
1018 3705 1032 3731 1
1045 3706 1060 3732 1

334 3746 529 3797 Solstitia.
540 3779 545 3786 .
556 3779 563 3787 .
574 3778 581 3787 .

666 3800 895 3840 Decembris
1016 3813 1030 3840 1
1046 3814 1058 3839 1
1177 3799 1221 3838 P.
