2522 4114
202 282 233 321 2
804 281 1123 325 DOMINICA
1163 281 1254 322 AD
1290 279 1703 322 MATUTJNUM

276 378 351 432 Et
390 395 518 448 rege
568 395 677 442 eos,
718 386 774 432 et
823 379 1034 432 extolle
1084 377 1207 430 illos

203 451 371 520 vsque
397 452 453 503 in
480 459 763 504 aeternum.

279 526 381 576 Per
405 524 643 592 fingulos
677 525 796 577 dies
829 522 1207 577 benedicimus

204 603 274 649 te.

281 669 356 721 Et
390 667 682 720 laudamus
719 683 922 719 nomen
959 674 1117 718 tuum
1153 665 1208 716 in

205 740 445 793 seculum
473 760 484 792 ε
510 748 566 792 et
592 742 646 792 in
674 740 914 792 seculum
941 739 1116 790 seculi.

281 814 529 881 Dignare
566 813 792 864 domine
830 813 920 863 die
957 811 1057 863 isto
1100 810 1211 862 fine

207 893 437 953 peccato
463 902 564 936 nos
591 884 871 936 custodire.

281 957 537 1009 Miserere
571 956 736 1009 nostri
770 956 996 1008 domine
1036 971 1050 1009 ε
1089 954 1213 1007 mis-

208 1046 359 1082 erere
385 1029 563 1082 nostri.

282 1103 408 1153 Fiat
446 1100 812 1153 misericordia
849 1106 948 1153 tua
987 1098 1212 1152 domine

208 1172 367 1241 super
400 1190 501 1224 nos
539 1190 552 1226 :
587 1173 1062 1241 quemadmodum
1097 1171 1215 1239 spe-

209 1246 451 1297 rauimus
478 1246 533 1296 in
559 1253 629 1298 te.

286 1318 352 1369 In
397 1325 453 1369 te
497 1318 722 1370 domine
772 1316 983 1383 speraui

205 1390 515 1442 ‘confundar
541 1391 597 1441 in
624 1397 907 1441 aeternum.

1035 1335 1047 1370 Ξ
1100 1331 1211 1369 non

205 1509 209 1511 >
283 1546 340 1603 {I
368 1541 472 1594 Ad
489 1541 689 1596 laudes,
761 1541 1023 1608 Psalmus
1047 1542 1096 1594 ,6
1103 1551 1146 1607 5.

235 1662 266 1684 x·

243 1674 284 1730 ,4¹-
312 1650 355 1722 (⁹2²
379 1657 606 1710 Vbilate
644 1657 751 1709 deo
783 1657 964 1708 omnis
998 1664 1211 1708 terra...

253 1732 277 1755 ⁸
317 1734 339 1755 “
423 1729 847 1783 misericordiam
875 1729 1026 1782 suam
1053 1727 1086 1781 a
1114 1747 1217 1782 me.

523 1848 784 1916 Psalmzcs
807 1859 908 1917 .95.

311 1956 527 2008 Antate
558 1956 787 2007 domino
813 1955 1089 2007 canticum
1120 1971 1218 2006 no-

215 2101 241 2152 s
347 2037 612 2082 uum...et
637 2028 876 2097 populos
902 2029 957 2080 in
985 2029 1219 2080 veritate

239 2119 322 2154 ua.

299 2209 584 2264 Canticum
623 2210 795 2263 trium
821 2220 1132 2280 puerorum.

224 2312 611 2415 BEnedicite
637 2314 826 2364 omnia
845 2331 1015 2381 opera
1041 2315 1222 2366 domi-

353 2402 409 2436 n1
436 2386 666 2436 dommo
708 2404 719 2437 :
761 2385 1000 2448 laudate,
1042 2395 1097 2439 et
1140 2387 1222 2438 su-

215 2473 315 2524 per
340 2457 587 2508 exaltate
614 2475 740 2509 eum
768 2459 823 2508 in
851 2458 1042 2510 secula.

289 2530 609 2581 Benedicite
646 2530 829 2598 angeli
873 2532 1084 2583 domini
1126 2532 1224 2583 do-

216 2602 367 2653 mino
397 2618 408 2653 :
436 2602 744 2654 benedicite
769 2602 890 2654 caeli
917 2604 1158 2655 domino,

291 2674 611 2725 Benedicite
651 2692 812 2742 aquae
850 2692 1061 2737 omne5‚
1095 2694 1221 2744 quae

216 2745 375 2814 super
399 2746 563 2797 caelos
591 2746 713 2798 sunt
743 2746 972 2799 domino
1008 2765 1019 2800 ε
1052 2748 1220 2800 bene*

216 2819 384 2870 dicite
447 2835 641 2870 omnes
709 2820 941 2871 virtutes
1009 2821 1222 2873 domini

216 2890 459 2943 domino,

292 2963 611 3014 Benedicite
632 2962 721 3025 sol,
740 2970 795 3015 et
811 2963 943 3016 luna
964 2964 1193 3020 domino
1213 2987 1224 3020 ι

217 3034 527 3087 benedicite
553 3035 720 3087 stellae
747 3036 867 3087 caeli
894 3038 1135 3091 domino,

294 3108 612 3159 Benedicite
656 3108 845 3171 imber,
890 3117 945 3161 et
991 3128 1079 3162 ros
1124 3112 1223 3163 do-

220 3180 373 3231 mino
408 3199 420 3231 :
450 3180 760 3232 benedicite
785 3198 978 3234 omnes
1007 3182 1223 3251 spiritus

220 3253 308 3304 dei
335 3253 578 3304 domino,

293 3325 611 3376 Benedicite
646 3325 803 3392 ignis,
842 3333 897 3378 et
933 3326 1093 3379 aestus
1124 3329 1222 3380 do-

221 3395 371 3447 mino
399 3415 409 3447 :
437 3397 747 3449 benedicite
774 3397 962 3466 frigw,
983 3408 1039 3452 et
1066 3401 1223 3453 aestas

218 3469 464 3520 domino,

291 3540 609 3592 Benedicite
677 3549 841 3605 rores,
902 3551 958 3596 et
1027 3546 1225 3612 pruina

215 3612 444 3664 domino
507 3631 519 3664 ε
583 3614 907 3679 benedicite,
974 3618 1103 3684 gelu
1167 3627 1225 3671 et

214 3684 384 3752 frigus
424 3685 667 3738 domino,

411 3781 425 3806 ¹
458 3790 503 3826 et
534 3785 690 3827 :omia
720 3786 772 3828 R.

1069 3783 1085 3808 ²
1117 3798 1162 3833 et
1192 3789 1344 3846 :pres
1372 3791 1430 3835 R.

1364 376 1685 429 Benedicite
1744 375 1965 444 glacieS,
2021 382 2078 429 et
2141 374 2300 428 niues

1289 449 1520 500 domino
1568 467 1580 500 :
1631 450 1944 502 benedicite
1998 456 2190 501 noctes
2242 454 2301 500 et

1290 521 1410 572 dies
1449 521 1694 573 domino,

1365 593 1683 645 Benedicite
1740 592 1858 655 lux,
1909 590 1991 645 et²
2054 590 2300 644 tenebrae

1292 665 1521 716 domino
1560 684 1571 717 ε
1613 666 1925 718 benedicite
1966 664 2202 732 fulgura,
2244 670 2302 715 et

1294 737 1468 788 nubes
1495 737 1738 790 domino,

1367 809 1667 861 Benedicat
1685 817 1828 861 terra
1845 808 2135 860 dominum
2148 806 2303 859 :²lau-

1293 881 1404 942 det,
1441 888 1498 933 et
1534 881 1911 949 superexaltet
1953 897 2082 933 eum
2125 880 2181 931 in
2224 879 2303 931 se-

1296 953 1433 1004 cula.
2219 991 2223 995 -

1368 1025 1687 1077 Benedicite
1741 1031 1972 1087 monteS,
2023 1031 2080 1076 et
2135 1022 2304 1076 colles

1295 1097 1525 1148 domino
1553 1116 1563 1148 :
1587 1098 1897 1149 benedicite
1916 1095 2165 1148 vniuersa
2184 1113 2305 1163 ger-

1297 1169 1568 1221 minantia
1594 1170 1648 1220 in
1676 1178 1820 1221 terra
1847 1169 2090 1221 domin0.

1371 1242 1690 1293 Benedicite
1760 1242 1942 1293 sontes
2006 1239 2237 1303 domino
2293 1257 2305 1290 ε

1296 1313 1606 1366 benedicite
1641 1315 1827 1377 maria,
1856 1321 1911 1366 et
1945 1312 2176 1364 flumina
2206 1312 2306 1363 do-

1301 1386 1467 1437 mino,

1372 1457 1694 1509 Benedicite
1719 1465 1855 1521 cete,
1882 1464 1938 1509 et
1965 1456 2155 1508 omnia
2180 1472 2306 1524 quae

1300 1538 1596 1581 mouentur
1611 1531 1665 1581 in
1685 1531 1842 1597 aquis
1862 1529 2091 1581 domino
2113 1546 2123 1580 :
2142 1529 2308 1580 bene-

1299 1602 1468 1654 dicite
1508 1619 1703 1654 omnes
1744 1602 1997 1654 volucres
2039 1600 2160 1653 caeli
2210 1601 2311 1653 do-

1301 1691 1468 1725 mmo,

1374 1745 1694 1798 Benedicite
1756 1763 1951 1798 omnes
2001 1744 2203 1809 bestiae,
2252 1751 2311 1797 et
2383 1782 2386 1784 -

1301 1835 1500 1886 pecora
1539 1819 1767 1870 domino
1806 1837 1818 1870 ι
1858 1819 2171 1871 benedicite
2210 1816 2308 1884 filij

1299 1891 1587 1942 hominum
1615 1891 1855 1943 domin0.

1376 1964 1677 2015 Benedicat
1733 1962 1888 2015 israel
1945 1962 2236 2014 dominum
2297 1979 2309 2013 ι

1299 2033 1532 2100 ⁹laudet,
1573 2043 1630 2088 et
1669 2035 2044 2104 superexaltet
2084 2051 2212 2087 eum
2252 2034 2308 2086 in

1303 2108 1495 2161 secula.

1378 2180 1698 2232 Benedicite
1743 2179 2052 2232 sacerdotes
2097 2179 2311 2232 domini

1302 2253 1533 2305 domino
1566 2273 1576 2306 :
1602 2253 1913 2305 benedicite
1939 2253 2076 2305 serui
2096 2252 2310 2305 domini

1304 2326 1548 2378 domin0.

1378 2397 1696 2449 Benedicite
1734 2397 1965 2465 spirituS‚
2009 2405 2066 2449 et
2107 2397 2310 2448 animae

1306 2470 1566 2521 iustorum
1630 2471 1859 2522 domino
1925 2487 1937 2521 ε
2001 2470 2312 2521 benedicite

1304 2542 1490 2601 sancti,
1513 2550 1569 2594 et
1594 2541 1830 2593 humiles
1858 2542 2024 2593 corde
2050 2543 2297 2593 domino,

1381 2615 1712 2677 Benedicite,
1782 2613 2024 2672 Anania,
2090 2614 2312 2676 Azaria‚

1307 2686 1499 2738 Misael
1532 2685 1849 2738 dominum³
1887 2687 2112 2738 laudate
2147 2694 2204 2739 et
2231 2685 2312 2737 su-

1305 2758 1653 2827 perexaltate
1679 2776 1805 2810 eum
1834 2759 1887 2810 in
1917 2758 2107 2811 secula.

1381 2832 1781 2883 Benedicamus
1803 2835 2033 2898 patrem,
2054 2838 2110 2883 et
2135 2829 2309 2882 filium

1305 2920 1432 2955 curn
1460 2900 1645 2955 saneto
1673 2903 1860 2970 spiritu
1896 2922 1908 2954 ε
1942 2903 2231 2955 laudemus
2257 2911 2314 2955 et

1304 2976 1777 3043 superexaltemus
1805 2992 1931 3027 eum
1960 2976 2014 3026 in
2044 2975 2231 3027 secula.

1379 3045 1710 3100 Benedictus
1755 3066 1813 3099 es
1858 3049 2084 3100 domine
2123 3049 2178 3099 in
2225 3047 2314 3099 fir-

1307 3127 1592 3172 mamento
1655 3120 1776 3171 caeli
1831 3136 1842 3172 :
1892 3127 1949 3172 et
2004 3119 2314 3182 laudabilis,

1306 3201 1363 3245 et
1387 3192 1667 3260 gloriosuS‚
1696 3201 1753 3245 et
1783 3191 2224 3260 superexaltatus
2256 3193 2311 3244 in

1305 3264 1497 3317 secula.

1310 3375 1590 3430 Canticum
1616 3374 1886 3427 zacharz'oe
1899 3374 2164 3443 prophete.
2231 3374 2318 3427 Et

1376 3449 1582 3500 dicitur
1605 3447 1852 3515 quotidie.
1931 3448 2034 3498 Ad
2054 3446 2251 3499 laudes,

1397 3544 1700 3599 Enedic‘tus
1718 3546 1977 3599 dominus
1987 3546 2287 3599 deusisrael
2302 3566 2313 3598 ε

1446 3620 1577 3687 quia
1631 3620 1888 3681 visltauit„
1938 3627 1995 3671 et
2045 3618 2173 3672 fecit
2232 3637 2314 3671 re-

1307 3691 1687 3761 demptionem
1717 3691 1893 3760 plebis
1920 3691 2040 3743 suae.

1699 3787 1715 3812 ³
1738 3790 1933 3834 domino
1962 3805 1970 3833 :
1997 3790 2044 3833 P.
2067 3790 2122 3832 A.
