2606 4126
1039 235 1092 275 N
1091 235 1125 275 0
1135 235 1405 277 VEMBER.

201 331 258 389 (I
285 328 387 380 Ad
411 329 737 381 matutinum
772 325 1187 380 inm’tatorz'mn¹.

276 421 749 473 Praesentationem
793 421 1016 485 virginis
1067 420 1189 471 Ma-

202 491 295 541 riae
347 492 694 553 celebremuS‚
746 491 1016 544 Christum
1073 491 1188 542 eius

202 561 375 613 filium
402 563 690 614 adoremus
716 563 1015 614 dominum.

560 676 633 727 Η
613 691 829 741 ymnus.

275 764 326 817 O
352 765 598 830 gloriosa.

186 944 191 949 ¹
536 876 717 928 Lec‘lio
754 876 847 945 jzj.

211 968 445 1069 BEata
469 967 624 1034 virgo
652 968 843 1025 Maria,
871 984 995 1034 quae
1024 984 1188 1034 pepe-

335 1039 403 1090 rit
444 1039 634 1090 mundi
673 1038 1092 1105 redemptorem,
1131 1046 1188 1089 vt

186 1117 316 1169 ,erat
359 1110 526 1160 etiam
567 1117 865 1176 antequam
909 1109 963 1159 in
1009 1109 1186 1160 lucem

201 1182 463 1241 ederetur,
481 1179 643 1247 plena
661 1180 839 1247 gratia
865 1197 876 1231 z
897 1196 960 1231 ac
978 1181 1187 1246 peccati

199 1253 377 1302 omnis
398 1251 668 1313 immunis,
689 1252 756 1302 fic
777 1252 830 1301 in
852 1252 1001 1302 omni
1022 1258 1186 1302 aetate

200 1322 491 1389 praebebat·
514 1339 715 1389 magna
741 1323 1073 1373 documenta
1108 1323 1187 1373 in-

201 1394 310 1444 sitae
354 1394 570 1444 virtutis
611 1402 665 1444 et
709 1393 914 1460 gratiae.
991 1394 1188 1460 Itaque

199 1481 324 1515 cum
352 1465 481 1516 esset
507 1464 690 1530 puella
716 1465 878 1516 trium
907 1481 1186 1526 annorum,

199 1537 596 1602 ducereturque
633 1534 666 1587 a
703 1536 1019 1602 parentibus
1066 1537 1189 1586 Ioa-

200 1607 363 1657 chino
394 1615 448 1658 et
475 1607 656 1667 Anna,
681 1614 740 1658 vt
777 1607 1190 1674 praesentaretur

200 1678 254 1728 in
299 1677 522 1745 temp10‚
565 1679 716 1729 cuius
757 1678 1188 1744 praesentationis

201 1749 393 1800 festum
451 1748 616 1799 hodie
665 1749 982 1812 celebratur,
1031 1749 1189 1816 quin-

201 1821 377 1871 decim
393 1820 607 1886 graduS,
619 1821 815 1886 quibus
831 1821 900 1871 ad
919 1820 1187 1887 templum

200 1891 604 1951 ascendebatur,
617 1891 726 1942 sola
747 1891 853 1942 fine
869 1892 1188 1943 adiumento

201 1962 495 2028 cuiuspiam
533 1962 776 2014 ascendit
806 1981 817 2013 :
851 1960 1057 2013 cunetis
1093 1964 1189 2014 ad-

201 2033 525 2084 mirantibus
545 2041 760 2084 tantum
781 2034 973 2085 virium
997 2034 1050 2083 in
1072 2042 1186 2085 tam

199 2113 385 2156 tenera
406 2112 570 2156 aetate
596 2104 809 2166 subesse,
832 2112 886 2156 et
912 2113 1026 2156 tarn
1049 2105 1187 2155 sesti-

201 2188 389 2227 natam
411 2176 654 2242 expresse
676 2175 947 2243 loquendi,
971 2184 1024 2227 et
1052 2176 1188 2243 sapi-

200 2247 325 2298 endi
390 2246 776 2299 maturitatem.
859 2248 1189 2299 Praesentata

201 2319 366 2385 igitur
413 2318 559 2385 quafi
611 2318 804 2370 mulier
852 2319 961 2369 iam
1009 2320 1187 2370 aetatis

200 2387 474 2456 prouthae
502 2389 556 2439 in
592 2390 800 2456 templo
833 2389 1064 2456 supplex
1091 2391 1189 2440 do-

201 2461 410 2511 minum
432 2461 710 2522 adorabat,
733 2478 796 2512 ac
824 2462 877 2511 in
900 2461 987 2512 dei
1015 2461 1189 2513 laudi-

199 2532 301 2583 bus
328 2532 741 2583 constantiffime
773 2532 1150 2598 perseuerabat
1178 2552 1188 2583 ε

198 2603 648 2654 conuenientibus
703 2604 958 2655 videlicet
1020 2604 1188 2670 initijs

199 2674 369 2725 vitam
405 2674 700 2734 instituen5‚
732 2675 905 2741 qualis
938 2692 1059 2726 earn
1096 2677 1190 2726 de-

199 2743 393 2807 cebat²,
447 2762 571 2811 quae
627 2746 801 2796 filium
863 2746 951 2797 dei
1011 2747 1189 2812 super-

201 2815 480 2867 ueniente³
535 2816 741 2884 Spiritu
799 2815 982 2868 sanCto
1036 2819 1190 2884 virgo

201 2887 331 2939 esset
357 2888 614 2955 paritura.

319 3017 375 3073 (I
419 3013 628 3069 Caecilia
666 3014 819 3083 virgo
858 3024 1077 3082 mamona

530 3148 711 3199 Left’io
748 3147 863 3215 ,ἰῇἦ

204 3240 512 3345 CAecilia
560 3241 712 3307 virgo
758 3257 926 3291 romae
975 3240 1191 3291 nobilis-

333 3312 474 3362 slmis
500 3312 817 3378 parentibus
845 3319 979 3372 orta,
999 3313 1052 3362 in
1082 3311 1188 3363 fide

201 3383 395 3435 Christi
448 3383 657 3449 optime
713 3380 986 3443 instructa,
1041 3382 1189 3434 suam

199 3455 306 3505 deo
386 3454 759 3520 virginitatem
844 3453 1189 3505 consecrauit.

201 3524 342 3592 Quae
402 3524 591 3576 Marco
654 3523 883 3576 Aurelio
941 3524 1191 3577 Antonio

287 3628 302 3655 ¹
334 3629 409 3672 die
431 3641 498 3672 21.
521 3629 571 3671 in
594 3643 652 3670 m.

285 3686 302 3714 2
332 3687 529 3746 docebat
557 3701 566 3730 z
592 3688 645 3729 R.

2165 233 2256 288 171

1271 327 1615 394 imperatore,
1634 345 1758 380 cum
1780 330 1951 382 inuita
1967 330 2261 383 Valeriano

1273 399 1595 464 desponsata
1615 400 1802 462 fuisset,
1817 401 1927 468 ipsa
1948 404 2259 468 nuptiarum

1273 467 1435 520 noste
1485 470 1733 536 sponsum
1785 472 2078 538 alloquitur
2121 474 2262 524 affir-

1276 557 1432 590 mans
1468 540 1518 591 se
1550 542 1806 608 angelum
1837 543 1925 592 dei
1957 550 2259 594 amatorem

1275 610 1490 672 habere,
1530 613 1622 677 qui
1661 629 1855 678 corpus
1895 613 2044 664 suum
2091 615 2261 665 nimio

1275 680 1391 732 zelo
1412 683 1759 748 impollutum
1781 683 2081 735 custodiret.
2135 685 2261 736 Pro-

1274 752 1402 803 inde
1436 761 1667 815 caueret‚
1699 755 1900 820 nequid
1939 754 1992 805 in
2028 755 2078 806 se
2112 773 2259 806 com-

1274 824 1531 884 mitteret,
1555 841 1665 890 quo
1701 825 1835 875 iram
1870 826 2112 876 diuinam
2147 827 2259 878 irri-

1274 901 1415 945 taret
1454 893 1667 960 Quibus
1717 903 1899 946 motus
1937 896 2259 948 Valerianus

1275 981 1384 1015 non
1435 965 1591 1015 ausus
1642 983 1763 1017 eam
1820 968 2149 1034 contingere,
2198 968 2261 1019 li-

1273 1036 1467 1087 benter
1509 1036 1560 1087 se
1601 1037 1858 1103 angelum
1901 1037 2135 1090 visurum
2180 1057 2261 1090 re-

1274 1107 1503 1173 spondit.
1579 1108 1654 1159 Et
1698 1109 2001 1160 affirmante
2042 1110 2262 1162 Caecilia

1273 1178 1378 1228 hoc
1410 1178 1517 1229 sme
1551 1179 1821 1246 baptismo
1853 1197 1962 1231 non
1991 1180 2163 1243 licere,
2189 1182 2260 1232 ad

1272 1249 1557 1301 Vrbanum
1580 1266 1782 1317 papam
1804 1251 1943 1302 inter
1960 1259 2259 1318 martyrum

1274 1319 1554 1386 sepulchra
1597 1321 1907 1373 latitantem
1955 1325 2205 1390 peruenit
2251 1342 2261 1374 :

1273 1391 1344 1441 ab
1382 1409 1557 1458 eoque
1597 1393 1917 1459 baptizatur.
1996 1395 2262 1446 Reuersus

1273 1470 1456 1513 autern
1478 1463 1755 1514 Caeciliam
1773 1472 2019 1516 orantem
2039 1467 2261 1527 inuenit,

1274 1541 1329 1584 et
1373 1534 1629 1600 angelum
1674 1552 1799 1586 cum
1844 1553 1909 1587 ea
1953 1537 2128 1587 forma
2167 1539 2261 1589 de-

1274 1621 1453 1656 corem
1481 1605 1782 1657 humanum
1810 1608 2127 1659 excedente.
2203 1609 2260 1660 A

1274 1693 1383 1742 quo
1434 1694 1507 1727 ex
1563 1694 1766 1744 magno
1823 1678 2017 1729 timore
2070 1679 2261 1730 confir-

1276 1755 1469 1808 matus,
1487 1748 1800 1814 impetrauit
1822 1767 1833 1800 :
1854 1757 1913 1800 vt
1930 1749 2259 1816 Tyburtium

1273 1835 1491 1885 quoque
1547 1819 1769 1870 fratrem
1827 1820 1979 1871 suum
2029 1821 2261 1872 charissi-

1275 1906 1424 1939 mum
1480 1890 1551 1941 ad
1607 1890 1770 1942 fidem
1830 1893 2259 1945 conuertendum

1272 1968 1496 2012 curaret.
1576 1961 1683 2028 Qui
1733 1962 2036 2029 Tyburtius
2077 1961 2261 2016 sancto

1273 2030 1457 2097 spiritu
1493 2031 1722 2095 afflatu5‚
1756 2033 1919 2084 fratre
1951 2042 2006 2086 et
2042 2035 2262 2087 Caecilia

1272 2101 1583 2154 aurstoribus
1647 2105 1718 2155 ab
1783 2105 1976 2155 eodem
2035 2106 2261 2158 Vrbano

1272 2174 1597 2240 baptizatur.
1653 2175 1820 2227 Cuius
1842 2177 1915 2227 rei
1938 2175 2260 2228 Almachius

1271 2246 1417 2295 vrbis
1474 2245 1763 2311 praefthus
1816 2248 2011 2298 certior
2068 2246 2260 2313 faetuS,

1274 2316 1604 2382 Tyburtium
1640 2325 1695 2368 et
1722 2318 2076 2370 Valerianum
2112 2337 2260 2370 com-

1274 2387 1536 2453 prehendi
1564 2389 1727 2439 iubet.
1789 2390 2040 2456 Cumque
2067 2390 2260 2442 immo-

1274 2459 1384 2509 lare
1443 2460 1554 2510 iuss1
1615 2467 2025 2512 contemnerent
2084 2461 2260 2528 plum-

1272 2529 1414 2580 batis
1456 2531 1619 2581 caesos
1659 2531 1840 2582 affecit
1882 2535 2157 2598 martyriO,
2197 2551 2261 2585 ac

1273 2602 1522 2667 protinus
1578 2602 1866 2653 facultates
1924 2621 2113 2654 eorum
2163 2623 2261 2655 ex-

1275 2672 1509 2739 quirens,
1531 2673 1810 2725 Caeciliam
1832 2675 2261 2741 comprehendit.

1274 2744 1331 2794 A
1376 2761 1485 2810 qua
1527 2762 1651 2795 cum
1697 2762 1887 2796 omnes
1932 2747 2261 2813 pauperibus

1276 2815 1586 2866 distributas
1607 2816 1709 2867 esse
1726 2816 2085 2882 cognosceret,
2101 2818 2260 2869 vehe-

1278 2894 1487 2937 menter
1530 2895 1853 2947 commotUS‚
1898 2905 2018 2938 eam
2064 2889 2118 2939 in
2164 2890 2261 2940 do-

1277 2974 1428 3008 mum
1467 2958 1614 3008 suam
1651 2956 1989 3021 abstrmstam,
2024 2958 2261 3012 flammis

1276 3028 1622 3080 balnearibus
1697 3030 2028 3080 concremari
2111 3031 2261 3083 iubet

1278 3099 1389 3151 Sed
1412 3117 1534 3150 cum
1563 3100 1725 3150 illaesa
1745 3109 2102 3166 permaneret,
2122 3103 2262 3155 misit

1277 3170 1598 3232 carnificem,
1632 3172 1724 3236 qui
1760 3172 1922 3222 tertio
1954 3170 2063 3223 ἰᾶὶυ
2096 3182 2262 3240 caput

1278 3242 1391 3291 eius
1423 3249 1707 3308 amputare
1742 3259 1851 3292 non
1878 3242 2078 3304 valenS,
2108 3244 2260 3295 semi-

1278 3330 1466 3363 necem
1500 3313 1728 3378 reliquit.
1805 3314 1914 3365 Sed
1951 3315 2113 3379 paulo
2144 3317 2261 3382 post

1278 3402 1331 3434 x.
1405 3384 1660 3434 calendas
1741 3385 2060 3436 Decembris
2135 3404 2258 3438 cum

1277 3453 1462 3521 palma
1497 3455 1740 3521 martyrij
1777 3456 2031 3521 migrauit
2057 3458 2126 3508 ad
2163 3458 2258 3509 do-

1279 3526 1500 3576 minum.
1601 3526 1734 3576 Eius
1808 3534 1989 3579 autem
2065 3545 2262 3596 corpus

1361 3630 1379 3656 3
1410 3629 1705 3673 subueniente
1731 3645 1739 3674 :
1765 3632 1812 3674 P.

1363 3686 1379 3714 4
1411 3687 1486 3731 die
1509 3700 1574 3731 22.
1600 3689 1651 3731 t'tz
1674 3702 1731 3730 m.
