2606 4126
1076 230 1128 269 N
1128 229 1162 269 0
1174 229 1440 269 VEMBER.

239 344 304 377 ue
321 335 398 394 at.
473 326 613 394 Quae
651 326 924 377 dedicatio
962 321 1106 375 sac'ta
1141 323 1215 374 est

237 398 424 463 quinto
486 400 606 449 idus
670 396 1012 448 Nouembris
1106 395 1216 445 Hic

235 465 447 534 quoque
482 467 732 536 pontifex
770 474 966 533 quarto
1003 465 1217 517 decimo

235 538 487 590 calendas
531 539 834 591 decembris
874 537 1016 588 Petri
1065 535 1217 602 apos-

235 610 468 660 tolorum
510 610 768 676 principis
811 608 1085 659 basllicam
1125 606 1218 656 cle-

103 730 126 737 *
186 747 188 749 ι
236 680 454 741 dicauit,
496 689 551 732 et
612 679 956 731 consecrauit.
1033 677 1216 743 Quam

237 750 408 801 idem¹
432 753 726 818 imperator
745 751 799 800 in
815 749 1085 800 Vaticano
1107 764 1215 797 non

236 821 408 887 longe‘
435 823 504 873 ab
530 818 807 888 Apollinis
842 819 1052 885 templo
1088 819 1218 868 aedi-

234 892 431 954 ficauit,
454 893 683 952 ornauit,
703 899 757 942 et
775 891 990 942 dotauit
1008 889 1219 954 magni—

234 962 347 1014 ficis
392 964 720 1021 muneribuS,
766 969 821 1012 et
861 960 1217 1027 prouentibus

233 1035 459 1100 magnis,
533 1034 716 1084 Tanta
741 1033 887 1083 enim
914 1032 1015 1082 fuit
1042 1032 1218 1097 pietas

232 1105 286 1155 in
340 1105 608 1157 Christum
658 1112 824 1170 atque
873 1102 1008 1153 fides
1059 1102 1218 1152 huius

232 1176 587 1242 imperatoriS,
625 1183 684 1226 vt
732 1191 840 1225 non
883 1173 1052 1224 solum
1104 1173 1215 1232 haS,

231 1248 300 1297 de
331 1248 526 1312 quibus
561 1247 816 1306 diximUS,
845 1245 1101 1304 bafilicaS‚
1128 1244 1217 1294 sed

231 1317 432 1368 multas
468 1326 729 1384 praeterea
765 1315 1053 1383 magnifice
1088 1316 1217 1365 aedi-

231 1389 489 1450 ficauerit,
527 1388 873 1454 censibusque
926 1387 1215 1437 dotauerit.

231 1461 306 1511 Et
345 1461 398 1510 in
437 1460 521 1510 his
561 1459 711 1511 Pauli
741 1459 1017 1510 basilicam
1051 1459 1104 1507 in
1131 1458 1219 1508 via

232 1531 453 1583 ostiensl.
513 1531 792 1582 Basllicam
823 1527 1020 1580 san&ae
1048 1528 1218 1578 crucis

232 1603 285 1652 in
329 1602 618 1653 Ierusalem
651 1603 706 1652 in
745 1601 882 1652 atrio
921 1600 1216 1650 sessoriano.

232 1674 514 1724 Bafilicam
543 1670 708 1723 sancti
746 1671 1024 1736 Laurentij
1061 1678 1220 1720 extra

232 1762 414 1796 muros
474 1746 529 1795 in
591 1761 723 1811 agro
774 1743 1013 1794 Veranio
1064 1741 1219 1807 super

231 1816 536 1866 arenarium
575 1822 798 1881 cryptae.
872 1813 966 1864 Ad
1006 1813 1124 1863 haec
1164 1813 1217 1861 in

231 1889 320 1937 via
364 1887 640 1937 Labicana
678 1886 818 1936 inter
855 1886 991 1935 duas
1038 1884 1218 1934 lauros

232 1959 502 2008 basilicam
541 1956 847 2007 Marcellini
882 1954 1217 2022 praesbyteri,

233 2038 288 2081 et
352 2030 495 2080 Petri
547 2027 843 2088 exorcistae,
894 2034 951 2077 vt
1008 2034 1219 2076 caeterae

233 2099 532 2162 taceantur,
596 2116 720 2166 quae
784 2098 917 2149 iussu
980 2097 1218 2147 eiusdem

232 2173 426 2239 optimi
462 2170 804 2238 imperatoris
839 2170 893 2219 in
933 2168 1053 2234 alijs
1079 2168 1221 2218 vrbi-

233 2245 333 2295 bus
395 2243 611 2294 fuerunt
673 2240 973 2292 aedificatae.
1051 2239 1221 2290 Cuius

232 2315 491 2381 exemplo
519 2312 718 2364 multas
746 2312 930 2379 postea
950 2311 1022 2377 pij
1046 2310 1221 2362 Chris-

231 2387 364 2437 tiani
415 2403 512 2452 per
551 2385 739 2435 orbem
781 2382 1118 2434 aedificarunt
1168 2389 1222 2432 et

231 2458 620 2509 consecrarunt.

303 2573 358 2629 (I
386 2569 672 2620 Martinus
696 2567 953 2632 episcopus
972 2565 1225 2631 confessor

231 2642 422 2708 duplex
444 2641 634 2692 minus.
715 2637 916 2690 Oratio.

243 2734 476 2835 DEus‚
513 2733 605 2800 qui
655 2731 934 2797 conspiciS‚
975 2729 1103 2796 quia
1149 2745 1221 2777 ex

380 2805 531 2856 nulla
568 2803 746 2854 nostra
770 2803 982 2853 virtute·
1000 2799 1222 2862 subsisti-

234 2894 353 2928 mus
396 2894 407 2928 z
445 2876 685 2927 concede
725 2874 1008 2939 propitiUS,
1045 2879 1103 2922 vt
1143 2871 1221 2920 in-

230 2949 539 2999 tercesfione
601 2946 747 2997 beati
812 2943 1029 2994 martini
1092 2959 1219 2992 con-

232 3019 432 3071 fessoris
466 3019 560 3080 tui,
587 3025 752 3083 atque
779 3014 1068 3082 pontificis,
1094 3030 1221 3062 con-

231 3100 315 3142 tra
358 3091 544 3142 omnia
587 3087 812 3140 aduersa
859 3085 1169 3137 muniamur
1210 3102 1221 3134 :

221 3180 329 3230 ¹per
354 3162 653 3212 dominum.

232 3278 287 3334 (I
316 3273 418 3324 Ad
442 3270 767 3324 matutinum
804 3266 1178 3319 z’nm'tatorz'zcm
1187 3264 1216 3317 ².

305 3366 620 3417 Laudemus
665 3363 829 3413 deum
876 3360 1114 3411 nostrum
1161 3360 1214 3410 in

232 3438 554 3489 confessione
581 3433 728 3485 beati
755 3433 987 3484 martini.

317 3631 332 3659 1
366 3629 553 3687 quidem
583 3643 591 3670 :
617 3629 663 3670 P.
688 3627 741 3669 A.

318 3690 335 3718 ²
365 3690 440 3733 die
467 3700 511 3731 11
539 3687 590 3730 in
611 3700 668 3729 m.

2191 226 2208 261 1
2219 212 2296 276 69.

1599 380 1778 450 Leaiq
1817 379 1988 431 tertia.

1309 514 1425 616 M
1441 512 1671 564 Artinus
1684 513 1926 564 Sabariae
1947 512 2284 578 natus(quod

1475 585 1739 650 oppidum
1763 584 1836 634 est
1861 584 2140 642 Panoniae)
2162 600 2285 633 cum

1299 656 1426 706 esset
1454 672 1719 706 annorum
1747 656 1937 704 decem
1971 654 2155 704 inuitis
2192 671 2288 720 pa-

1298 727 1543 777 rentibus
1588 727 1656 776 ad
1703 725 1977 775 ecclefiam
2026 724 2284 790 confugit,

1299 798 1458 863 seque
1485 797 1923 847 cathecuminum
1958 795 2071 845 fieri
2108 795 2286 861 postu-

1299 869 1444 919 lauit.
1523 868 1949 934 Quintodecimo
1987 883 2116 917 vero
2155 874 2285 916 aeta-

1298 941 1368 989 tis
1411 955 1556 989 anno
1599 938 1650 988 se
1687 939 1814 988 vitae
1855 937 2074 988 militari
2119 938 2283 988 dedit.

1301 1010 1483 1076 Quam
1523 1010 1758 1075 primum
1796 1008 1890 1058 sub
1928 1008 2286 1059 Constantino

1298 1082 1462 1147 gessit,
1499 1081 1698 1130 deinde
1738 1080 1831 1130 sub
1873 1080 2100 1130 Iuliano.
2179 1080 2287 1129 Hic

1298 1169 1422 1202 cum
1456 1151 1587 1202 nihil
1624 1159 1822 1217 praeter
1851 1168 2015 1212 arma,
2042 1157 2097 1201 et
2122 1167 2286 1200 vnam

1298 1223 1498 1274 vestem
1538 1223 1836 1289 possideret,
1875 1221 2099 1288 pauperi
2138 1219 2286 1272 nudo

1301 1294 1493 1346 Christi
1530 1294 1751 1344 nomine
1782 1293 2180 1358 eleemosynam
2216 1292 2287 1342 ab

1300 1365 1350 1416 se
1387 1346 1756 1415 miserabilite'i‘*
1791 1365 1999 1430 petenti
2036 1364 2089 1413 in
2129 1371 2287 1429 porta

1299 1436 1646 1497 ambianenfi,
1696 1436 1983 1486 dimidium
2045 1435 2287 1500 chlamy-

1299 1509 1383 1558 dis
1417 1507 1602 1574 gladio
1641 1507 1808 1557 diuise
1847 1507 2049 1567 tribuit,
2079 1506 2288 1571 reliqua

1300 1587 1454 1644 parte
1481 1579 1549 1628 ad
1587 1578 1637 1628 se
1672 1579 1967 1643 tegendum
2005 1577 2285 1627 reseruata.

1302 1650 1409 1715 Qui
1470 1648 1631 1701 no&e
1681 1649 1966 1699 consecuta
2017 1648 2287 1700 Christum

1299 1721 1484 1771 vidisse
1577 1728 1908 1770 memoratur
2000 1720 2288 1770 dimidiata

1300 1792 1457 1852 veste,
1492 1809 1657 1858 quam
1699 1793 1742 1841 is
1781 1791 2004 1857 pauperi
2044 1791 2287 1850 dederat,

1301 1864 1553 1913 indutum
1580 1880 1590 1913 :
1618 1871 1672 1913 et
1699 1863 1988 1922 dicentem,
2017 1862 2288 1917 Martinus

1301 1934 1710 1985 cathecuminus
1745 1933 1847 1984 hac
1879 1951 1966 1984 me
1992 1932 2135 1983 veste
2161 1949 2289 1983 con-

1300 2006 1457 2056 texit.
1523 2005 1701 2055 Natus
1729 2022 1855 2055 vero
1882 2008 2055 2054 annos
2083 2004 2192 2054 duo
2219 2004 2288 2054 de

1301 2077 1494 2142 viginti
1545 2076 1874 2142 baptismum
1927 2076 2159 2141 excepit,
2209 2092 2289 2125 re-

1303 2146 1539 2213 lustaque
1576 2148 1769 2198 militia
1804 2148 1872 2197 ad
1910 2143 2150 2197 sanffitum
2186 2146 2290 2196 Hi·

1303 2219 1496 2269 larium
1547 2216 1931 2285 pi&auiensem
1977 2217 2288 2284 episcopum

1303 2291 1558 2356 perrexit,
1586 2307 1617 2339 a
1645 2307 1754 2356 quo
1782 2289 1856 2340 est
1892 2289 2120 2339 acolitus
2146 2289 2290 2339 ordi-

1303 2368 1478 2412 natus,
1555 2362 1793 2412 Demum
1822 2361 1891 2411 ad
1920 2360 2288 2425 episcopatum

1302 2432 1602 2483 turonenfis
1624 2431 1854 2483 ecclefiae
1881 2431 2073 2482 ascitus
2101 2448 2289 2481 mona-

1304 2503 1518 2554 sterium
1541 2503 1832 2553 aedificauit
1846 2503 1953 2553 ,vbi
1972 2519 2094 2552 cum
2114 2502 2290 2554 lxxx.

1304 2575 1558 2625 fratribus
1598 2572 1912 2625 sa115tiss1me
1947 2575 2151 2639 degens
2192 2574 2291 2623 rni-

1305 2647 1499 2696 raculis
1549 2645 1753 2696 claruit.
1854 2646 2104 2695 Tandem
2156 2644 2290 2694 febri

1304 2725 1582 2783 correptus
1630 2734 1754 2767 curn
1800 2717 2001 2766 asfidua
2046 2717 2291 2766 oratione

1306 2789 1589 2846 Christum,
1618 2796 1676 2839 vt
1714 2788 1764 2838 se
1800 2789 2073 2853 reciperet,
2106 2804 2290 2852 preca-

1305 2869 1463 2921 retur,
1515 2859 1786 2925 discipulis
1846 2858 2291 2919 acclamantibus,

1305 2932 1416 2983 Cur
1453 2948 1552 2981 nos
1591 2939 1746 2997 pater
1780 2930 2013 2980 deseris?
2058 2946 2152 2979 cur
2190 2945 2291 2978 nos

1305 3002 1522 3052 miseros
1594 3001 1961 3066 derelinquis?
2061 3000 2290 3051 Concla-

1304 3074 1491 3136 mauit,
1521 3073 1759 3123 Domine
1794 3069 1855 3121 s1³
1882 3071 2059 3121 adhuc
2087 3071 2291 3137 populo

1302 3152 1398 3195 tuo
1437 3145 1550 3194 sum
1590 3143 1922 3203 necessariuS,
1959 3158 2068 3192 non
2108 3142 2291 3192 recuso

1303 3216 1561 3275 laborem,
1601 3214 1695 3265 fiat
1733 3213 1985 3264 voluntas
2032 3220 2140 3263 tua.
2217 3214 2291 3263 Et

1303 3288 1435 3337 dum
1457 3287 1574 3335 haec
1596 3285 1918 3351 loqueretur,
1937 3285 2155 3334 beatam
2177 3284 2292 3333 ani-

1303 3374 1450 3408 mam
1499 3356 1702 3407 efflauit
1744 3355 1828 3422 .iij.
1876 3356 1997 3406 idus
2049 3355 2293 3406 Nouem-

1302 3429 1423 3479 bris,

1398 3621 1414 3647 3
1447 3635 1474 3662 a
1502 3634 1509 3663 :
1534 3619 1636 3663 add.
1664 3619 1715 3661 A.
