2606 4126
309 246 408 297 180

422 359 477 418 ΙῙ
508 357 604 408 Ex
624 358 790 425 capite
813 358 863 426 j.
892 357 968 408 M
964 315 1153 409 aithaez'
1163 355 1193 409 ¹.

305 450 512 556 CVm
567 451 697 503 esset
752 451 1076 518 desponsata
1135 456 1311 501 mater

440 523 559 575 Iesu
603 524 781 575 Maria
822 521 1309 591 Ioseph,..peperit

305 594 476 646 filium
518 595 671 646 suum
725 595 1157 662 primogenitum
1199 613 1210 646 :
1253 600 1307 645 et

304 667 524 719 vocauit
551 685 754 719 nomen
783 669 899 719 eius
929 666 1124 718 Iesum.

709 800 911 853 Oratio,

316 893 554 996 DEUS,
605 894 698 960 qui
759 910 859 943 nos
911 891 1308 958 redemptionis

458 965 653 1019 nostrae
693 982 878 1016 annua
916 962 1308 1032 expectatione

305 1037 552 1088 laetificas
592 1057 601 1088 :
638 1037 845 1104 praesta,
875 1044 934 1088 vt
960 1036 1305 1103 vnigenitum

303 1116 478 1170 tuum,
521 1127 686 1177 quem
738 1110 1144 1176 redemptorem
1196 1108 1308 1159 laeti

306 1181 621 1249 suscipimus
676 1202 686 1233 :
728 1182 1043 1233 venientem
1086 1197 1307 1248 quoque

306 1253 544 1305 iudicem
595 1254 762 1305 securi
804 1254 1091 1304 videamus
1130 1252 1307 1304 domi-

306 1343 439 1376 num
492 1325 732 1377 nostrum
792 1325 971 1377 Iesum
1030 1324 1306 1378 Christum

306 1397 476 1449 filium
506 1406 661 1449 tuum
698 1418 708 1449 :
734 1398 827 1465 qui
854 1405 1053 1449 tecum.

306 1556 360 1612 (1
381 1552 450 1602 N
443 1553 673 1604 atz‘zcz'tas
688 1552 899 1604 domini
911 1552 1103 1619 duplex
1116 1552 1307 1604 maim.

479 1667 582 1718 Ad
603 1667 839 1733 vesperas
864 1667 1135 1733 Hymnus.

310 1758 451 1909 ⁶152-ss
478 1781 659 1833 Hriste
705 1781 1022 1849 redemptor
1058 1783 1307 1833 omnium

326 1846 403 1896 '¹919‘-
423 1852 447 1894 «ὲ
499 1854 589 1904 ΕΧ
608 1861 763 1922 patre
780 1855 951 1921 patris
969 1854 1124 1905 vnice
1144 1854 1309 1907 Solus

307 1936 437 1979 ante
511 1927 841 1995 principium
920 1934 1082 1978 natus
1155 1927 1307 1979 ineff-

304 2000 530 2052 abiliter.

377 2074 465 2125 Tu
495 2073 698 2134 lumen,
724 2079 784 2122 tu
814 2071 1069 2138 splendor
1096 2073 1267 2139 patris
1296 2093 1306 2124 :

306 2146 392 2196 Tu
446 2145 564 2212 spes
616 2145 872 2211 perennis
924 2145 1172 2195 omnium
1216 2146 1305 2196 In-

302 2219 470 2284 tende
511 2234 646 2285 quas
680 2216 919 2268 fundunt
957 2234 1160 2285 preceS,
1198 2217 1305 2269 Tui

305 2308 401 2358 per
428 2291 617 2341 orbem
646 2289 851 2340 famuli.

378 2364 665 2413 Memento
693 2361 878 2412 salutis
906 2359 1098 2412 auctor
1124 2364 1303 2430 :quod

305 2435 468 2486 nostri
539 2435 823 2502 quondam
901 2435 1143 2501 corporis
1211 2435 1303 2486 Ex

304 2508 515 2559 illibata
568 2507 777 2573 virgine
842 2506 1135 2557 Nascendo
1198 2507 1302 2558 for-

303 2597 451 2632 mam
480 2579 778 2647 sumpseris

377 2653 469 2705 Sic
532 2651 768 2718 praesens
826 2650 1055 2702 testatur
1117 2652 1233 2703 dies
1293 2670 1304 2704 :

303 2726 541 2778 Currens
561 2741 657 2790 per
673 2723 803 2774 anni
822 2722 1081 2774 circulum
1109 2724 1303 2791 :Quod

303 2798 445 2848 solus
487 2796 519 2848 a
559 2796 682 2847 sede
726 2796 897 2864 patris
935 2796 1126 2847 mundi
1164 2797 1304 2848 salus

300 2869 604 2922 adueneriS.

381 2942 547 2992 Hunc
624 2940 842 3001 coelum,
921 2948 1080 3002 terra,
1157 2941 1302 2993 hunc

303 3032 455 3066 mare
490 3032 500 3065 ε
551 3014 713 3064 Hunc
755 3030 920 3064 omne
952 3015 1099 3080 quod
1138 3015 1190 3064 in
1226 3016 1302 3065 eis

301 3087 377 3138 est
406 3084 710 3137 Auctorem
739 3086 1013 3137 aduentus
1045 3086 1126 3137 tui
1157 3087 1300 3138 Lau-

301 3160 441 3211 dans
468 3160 687 3210 exultat
715 3158 943 3209 cantico,

375 3231 495 3282 Nos
547 3247 768 3297 quoque
819 3230 912 3296 qui
966 3228 1153 3282 sancto
1204 3239 1300 3282 tuo

302 3304 602 3370 Redempti
640 3303 901 3369 sanguine
937 3302 1118 3354 sumus
1158 3323 1167 3354 :
1209 3304 1300 3356 Ob

301 3377 449 3427 diem
492 3375 692 3426 natalis
737 3376 816 3426 tui
867 3375 1159 3442 Hymnum
1202 3394 1298 3427 no-

300 3466 431 3500 uum
459 3448 811 3498 concinimus,

374 3520 562 3572 Gloria
589 3520 688 3571 tibi
717 3520 974 3570 domine:
1003 3519 1112 3587 Qui
1135 3528 1298 3572 natus

302 3611 359 3643 es
410 3593 479 3643 de
530 3592 741 3658 virgine
791 3609 801 3643 τ
855 3593 997 3644 Cum
1050 3601 1206 3659 patre
1245 3602 1301 3644 et

525 3725 536 3751 Ῑ
594 3726 601 3733 '
702 3728 758 3756 —‘

525 3783 541 3810 ²
571 3723 697 3827 {ll-iel}
702 3794 722 3840 5
748 3723 878 3827 ἵξις-ἐι.
938 3785 1036 3828 Om.
1065 3786 1112 3828 P.

1165 261 1535 301 DECEMBER.

1399 355 1585 410 sancto
1661 358 1847 426 spiritu
1927 360 1992 411 In
2071 359 2398 428 sempiterna

1398 428 1587 482 secula.
1664 431 1865 483 Amen.
2372 459 2374 461 >

1580 615 1593 621 ,μ
1798 568 2000 623 Oratio,

1498 675 1725 728 Oncede
1781 677 2092 743 quaesumus
2145 677 2396 744 omnipo-

1532 755 1653 799 tens
1686 748 1821 799 deus
1859 765 1869 800 :
1901 757 1960 801 vt
1992 767 2094 800 nos
2127 749 2394 816 vnigeniti

1397 819 1477 870 tui
1528 837 1675 871 noua
1725 838 1824 887 per
1863 838 2085 891 carnem
2132 822 2396 873 natiuitas

1397 890 1590 943 liberet
1643 911 1654 942 ι
1692 910 1831 960 quos
1874 893 1968 945 sub
2014 894 2224 960 peccati
2266 893 2396 961 iugo

1395 964 1605 1015 vetusta
1677 965 1903 1016 seruitus
1981 973 2134 1017 tenet
2207 982 2221 1019 :
2298 982 2397 1033 per

1395 1037 1649 1089 eundem.

1420 1180 1476 1238 (Ι
1505 1169 1608 1220 Ad
1628 1171 1960 1222 matutinum
1989 1171 2381 1223 inuitatorz‘um.

1469 1274 1711 1328 Christus
1732 1283 1895 1328 natus
1923 1276 1998 1328 est
2019 1276 2192 1340 nobiS‚
2212 1277 2398 1328 venite

1395 1346 1724 1402 adoremus2.

1766 1470 2034 1535 Hymnus,

1530 1563 1676 1616 Solis
1702 1571 1854 1614 ortus
1876 1563 2102 1615 cardine
2128 1563 2199 1614 ad
2228 1562 2395 1632 vsque

1540 1644 1699 1688 terrae
1731 1635 1965 1687 limitem
2001 1634 2274 1689 Christum
2307 1653 2396 1687 ca-

1396 1726 1593 1760 namus
1629 1708 1948 1776 principem,
1977 1708 2188 1760 Natum
2218 1708 2398 1760 Maria

1395 1798 1618 1848 vlrgme.

1471 1855 1675 1905 Beatus
1725 1849 1916 1904 au&or
1966 1852 2127 1904 seculi
2185 1853 2398 1907 Seruile

1395 1944 1594 1994 corpus
1623 1926 1800 1976 induit
1837 1945 1847 1977 :
1876 1926 1954 1976 Vt
1986 1943 2148 1977 carne
2174 1943 2394 1978 carnem

1396 1999 1649 2060 liberam,
1679 1999 1765 2049 Ne
1805 1999 2058 2065 perderet
2094 2016 2234 2066 quos
2266 2016 2396 2051 con-

1395 2073 1549 2123 didit.
2363 2095 2366 2098 “

1467 2143 1644 2197 Castae
1666 2144 1908 2210 parentis
1925 2143 2126 2194 viscera
2149 2143 2396 2196 Coelestis

1395 2217 1563 2268 intrat
1622 2216 1801 2283 gratia
1863 2233 1873 2267 :
1925 2216 2140 2267 Venter
2193 2216 2394 2284 puellae

1393 2289 1604 2341 baiulat
1638 2288 1876 2350 Secreta,
1907 2286 2058 2356 quae⁸
2084 2305 2195 2340 non
2228 2306 2396 2341 noue-

1393 2369 1488 2413 rat.

1468 2435 1685 2485 Domus
1725 2433 1909 2500 pudici
1949 2430 2186 2501 pectoris
2229 2433 2394 2486 Tem-

1394 2507 1547 2574 plum
1600 2514 1826 2574 repente
1878 2505 1940 2557 fit
1981 2506 2069 2558 dei
2117 2525 2128 2558 :
2174 2504 2394 2559 Intac'ta

1394 2579 1638 2630 nesciens
1674 2580 1851 2630 virum
1879 2597 1890 2630 :
1917 2575 2114 2630 verbo4
2140 2580 2393 2648 concepit

1392 2651 1584 2703 filium.

1468 2724 1658 2774 Enixa
1684 2722 1759 2774 est
1785 2740 2068 2790 puerpera,
2089 2740 2254 2791 quem
2284 2723 2395 2777 Ga-

1392 2796 1528 2849 briel
1567 2795 1904 2863 praedixerat
1935 2813 1945 2847 :
1980 2794 2163 2862 Quem
2203 2798 2394 2849 matris

1393 2869 1520 2921 aluo
1559 2867 1792 2935 gestiens
1835 2886 1846 2919 z
1889 2867 2116 2921 Clausus
2154 2869 2393 2922 Ioannes

1392 2941 1636 2994 senserat.

1465 3014 1642 3064 Foeno
1671 3013 1846 3064 iacere
1869 3012 2095 3080 pertulit
2117 3013 2394 3081 :Praesepe

1393 3103 1502 3138 non
1543 3085 1825 3136 abhorruit
1871 3105 1881 3136 :
1925 3086 2213 3153 Paruoque
2249 3084 2393 3139 lacte

1390 3158 1573 3226 pastus
1619 3157 1694 3209 est
1737 3175 1747 3209 :
1789 3158 1892 3209 Per
1935 3175 2100 3226 quem
2139 3175 2240 3210 nec
2280 3159 2394 3211 ales

1389 3231 1564 3283 esurit.

1464 3303 1685 3355 Gaudet
1712 3302 1910 3354 chorus
1947 3302 2248 3354 coelestium
2278 3323 2288 3355 z
2318 3305 2392 3355 Et

1389 3376 1569 3442 angeli
1606 3382 1812 3427 canunt
1851 3375 1957 3427 deo
1994 3375 2295 3443 Palamque
2330 3376 2393 3428 fit

1388 3449 1692 3516 pastoribus
1754 3447 1940 3500 Pastor
2001 3455 2213 3499 creator
2274 3465 2393 3500 om-

1389 3538 1554 3572 n1um.

1463 3593 1652 3645 Gloria
1679 3592 1779 3644 tibi
1807 3592 2046 3654 domine,
2075 3591 2185 3659 Qui
2214 3600 2390 3645 natus,

1535 3726 1553 3753 3
1584 3727 1662 3783 qui
1691 3741 1700 3770 z
1724 3728 1779 3770 A.

1536 3786 1552 3813 ‘¹
1583 3786 1778 3829 verbum
1804 3801 1811 3829 :
1839 3787 1885 3828 P.
1911 3787 1965 3828 A.
