2606 4126
1092 309 1167 350 OC
1173 309 1214 348 T
1211 309 1383 348 OBER.

204 410 562 469 mercaturam
601 406 932 468 exercuisset,
963 408 1072 456 'non
1110 412 1190 455 ta-

205 497 329 531 men
357 479 492 545 abijt
518 479 635 546 post
661 494 866 538 aurum,
888 493 986 528 nec
1014 475 1187 542 spera-

203 553 283 602 uit
315 552 368 601 in
401 550 646 617 pecuniae
672 549 946 608 thesauriS‚
973 547 1083 599 Sed
1115 547 1185 596 ad

203 621 473 673 Christum
495 619 794 681 conuersuS,
816 635 939 670 cum
961 617 1187 668 audisset

203 693 258 752 in
321 691 539 744 ecclesia
601 690 732 742 illud
795 688 1185 754 euangelicum,

204 763 314 830 Qui
354 779 462 814 non
498 761 886 812 renuntiauerit
916 759 1183 818 omnibuS‚

135 860 137 862 ·
201 851 325 900 quae
388 834 626 900 poffidet‚
679 848 787 882 non
847 830 1021 897 potest
1082 829 1186 880 esse

202 902 379 955 meus¹
405 903 707 970 discipuluS,
733 899 930 953 cun&a
964 918 1087 967 quae
1115 901 1183 950 ad

202 992 425 1027 manum
465 975 669 1035 habuit,
707 972 1034 1039 pauperibus
1070 988 1183 1021 ero-

198 1048 367 1112 gauit.
405 1054 601 1096 caetera
638 1045 778 1111 patri
814 1044 919 1104 su0‚
955 1042 1183 1108 idipsum

199 1115 854 1184 postulanti,haereditario
873 1115 984 1164 iure
1002 1130 1183 1164 coram

199 1189 450 1255 episcopo
510 1187 750 1238 tradidit.
850 1185 1064 1235 Deinde
1126 1191 1184 1234 vt

199 1276 445 1311 normam
474 1258 792 1325 sequeretur,
820 1273 985 1322 quam
1013 1255 1186 1306 Chris-

197 1338 286 1382 tus
313 1331 465 1382 dedit
490 1328 759 1396 apostolis,
781 1329 912 1378 dum
941 1344 1033 1376 eos
1061 1328 1183 1377 mit-

196 1410 336 1453 teret
361 1402 429 1452 ad
458 1400 882 1469 praedicandum,
903 1398 1183 1448 distributa

120 1535 122 1537 ‚
199 1474 443 1540 pecunia,
493 1472 863 1533 calceamenta
921 1469 1182 1534 deposuit,

200 1553 255 1596 et
303 1545 462 1595 vnica
523 1550 814 1594 contentus
872 1541 1070 1601 tunica,
1122 1548 1182 1591 vt

197 1624 464 1682 quatenus
491 1614 688 1674 liceret,
709 1612 976 1665 Christum
1005 1612 1181 1661 imita-

198 1695 356 1747 retur,
374 1687 662 1737 duodecim
684 1684 775 1734 s1bi
798 1684 963 1735 socios
982 1683 1180 1734 asciuit.

198 1759 389 1824 Atque
438 1758 508 1808 ad
559 1756 966 1807 aemulationem
1019 1771 1181 1804 euan-
1242 1784 1246 1788 -

197 1830 386 1896 gelicae
413 1827 774 1896 perfeffitionis,
792 1827 1037 1876 ordinem
1067 1842 1182 1874 mo-

199 1901 477 1963 nasticum,
504 1901 597 1966 qui
634 1899 902 1949 minorum
939 1896 1181 1962 appella-

195 1980 284 2024 tur
328 1972 565 2022 instituit.
644 1971 990 2033 Romamque
1034 1968 1183 2018 venit

197 2044 337 2094 circa
399 2060 601 2093 annum
672 2040 704 2091 a
775 2039 983 2091 Christo
1053 2046 1182 2088 nato

196 2116 474 2166 .M.cc.viii.
542 2130 705 2180 quem
774 2128 918 2178 papa
985 2110 1183 2160 visione

197 2187 384 2237 diuina
427 2185 780 2252 praemonitus
825 2182 1058 2247 benigne
1104 2198 1181 2230 re-

195 2259 355 2324 cepit,
390 2256 757 2324 regulamque,
790 2262 844 2304 et
881 2253 1179 2302 institutum

197 2330 267 2380 ab
293 2347 358 2380 eo
379 2328 596 2379 viuendi
624 2326 868 2376 ordinem
897 2323 1182 2374 confirma-

197 2402 288 2452 uit.
342 2400 577 2451 Dimissis
603 2414 734 2464 ergo
760 2412 980 2462 quoquo
1002 2394 1179 2445 versus

197 2473 466 2532 fratribus,
504 2471 596 2537 qui
634 2468 859 2520 verbum
899 2467 986 2517 dei
1027 2465 1180 2515 semi-

197 2552 403 2605 narent,
421 2543 529 2610 ipse
556 2543 609 2591 in
640 2541 854 2605 Syriam
883 2537 1177 2602 nauigauit,

197 2634 229 2667 a
275 2616 628 2679 Soldanoque
673 2612 772 2661 suit
817 2610 1052 2674 benigne
1099 2626 1177 2657 re÷

194 2695 399 2754 ceptus
479 2684 707 2736 Sublata
751 2690 935 2732 tamen
983 2680 1179 2745 praedi-

194 2760 354 2811 candi
399 2757 670 2815 facultate,
715 2750 933 2803 cantus
979 2751 1077 2800 fuit
1124 2751 1176 2800 in

194 2831 426 2900 patriam
478 2829 661 2879 redire.
747 2825 847 2877 Cui
898 2822 1176 2887 biennium

193 2913 319 2956 ante
357 2901 568 2952 obitum
607 2914 731 2948 cum
771 2895 858 2946 ‚xi
897 2895 1013 2944 dies
1053 2894 1180 2942 ieiu-

194 2977 363 3027 nasset
390 2975 443 3023 in
472 2977 658 3021 monte
685 2968 920 3018 aluernae
958 2966 1009 3014 in
1047 2964 1178 3014 festo

192 3044 544 3099 exaltationis
583 3040 755 3091 crucis
795 3037 970 3088 oranti
1012 3053 1178 3101 appa-

194 3120 347 3170 ruisse
390 3119 720 3165 memoratur
762 3109 970 3174 Seraph
1012 3108 1178 3156 cruci-

193 3192 351 3250 fixus,
378 3188 470 3254 qui
498 3186 550 3235 in
580 3183 829 3233 manibus
857 3190 910 3230 et
945 3178 1176 3244 pedibus

193 3262 350 3329 ipfius
377 3260 626 3323 stigmata
662 3253 945 3318 plagarum
983 3248 1175 3300 Christi

194 3331 513 3384 mirabiliter
556 3324 886 3390 impresserit.
963 3320 1175 3386 Quibus

193 3403 471 3470 insignitus
536 3398 758 3447 summae
827 3391 1174 3443 admirationi

193 3473 401 3527 cunciis
441 3468 776 3521 intuentibus
816 3463 1175 3514 venerationi-

193 3565 299 3614 que
351 3545 462 3595 fuit.
564 3540 730 3590 Cuius
787 3537 859 3585 rei
914 3533 1174 3583 Nicolaus

193 3634 336 3685 papa
362 3615 550 3666 tertius
578 3609 805 3676 publicis
834 3606 997 3656 literis
1034 3604 1174 3654 testi-

363 3765 378 3791 ¹
411 3776 540 3806 meus
562 3761 648 3804 esse
678 3774 686 3802 :
721 3760 767 3800 P.

332 3857 378 3894 B.
401 3855 451 3892 N.

977 3753 993 3780 2
1025 3754 1098 3796 die
1121 3763 1173 3805 .7.
1201 3752 1247 3793 in
1273 3764 1327 3792 m.

2163 302 2252 349 161

1275 404 1518 455 monium
1536 405 1815 471 praebuisse
1831 407 2073 458 traditur.
2111 409 2256 460 Tan-

1273 476 1399 525 dem
1450 475 1643 526 beatus
1697 477 2006 528 Franciscus
2064 479 2256 545 plenus

1273 546 1430 596 bonis
1480 546 1732 612 operibus
1783 554 1837 597 et
1886 549 2060 612 gratia
2109 552 2256 616 apud

1272 615 1519 667 Asfislum
1553 617 1781 668 moritur
1806 618 1909 683 .iiij.
1942 635 2114 670 nonas
2148 621 2256 672 Oc-

1270 687 1454 739 tobris,
1531 687 1708 753 Quem
1749 688 2042 753 Gregorius
2080 708 2255 742 nonus

1270 758 1503 823 cognitis
1541 759 1654 808 eius
1695 759 1965 809 miraculis
2004 761 2255 828 catalogo

1271 827 1574 879 san5torum
1603 829 1889 895 adscripsit.

1271 922 1325 977 11
1354 919 1580 970 spsarcus
1591 928 1736 984 papa
1760 919 2016 985 confessor.
2077 921 2256 972 Laelio

1666 990 1861 1041 tertiat

1284 1072 1585 1174 Nl'Arcus
1605 1075 1778 1139 patria
1796 1091 2051 1125 romanus
2070 1077 2252 1142 magni

1452 1145 1790 1196 Constantini
1832 1154 2078 1212 tempore
2121 1165 2254 1212 pon-

1269 1215 1407 1266 tifex
1448 1213 1635 1278 faftus,
1677 1217 1915 1275 instituit,
1956 1225 2014 1268 vt
2054 1218 2254 1283 episco-

1270 1303 1371 1352 pus
1388 1288 1620 1338 ostiensis
1639 1286 1670 1338 a
1686 1305 1795 1354 quo
1805 1304 2059 1338 romanus
2078 1290 2254 1355 ponti-

1270 1359 1363 1407 fex
1402 1359 1753 1418 consecratur,
1794 1359 1962 1424 pallio
2000 1367 2254 1412 vteretur.

1271 1429 1551 1491 Praeterea,
1595 1438 1652 1480 vt
1703 1431 1896 1480 diebus
1947 1430 2254 1482 solennibus

1268 1500 1445 1551 statim
1486 1501 1602 1567 post
1638 1501 1981 1567 euangelium
2019 1501 2253 1568 Symbo-

1268 1571 1380 1622 lum
1410 1573 1565 1622 iuxta
1598 1570 2021 1623 declarationem
2059 1574 2252 1624 nicaeni

1267 1644 1478 1708 concilij
1509 1661 1540 1694 a
1567 1643 1710 1693 clero
1737 1652 1791 1694 et
1819 1644 2024 1709 populo
2054 1662 2254 1710 magna

1266 1732 1399 1765 voce
1462 1716 1855 1765 decantaretur.
1952 1715 2106 1765 Duas
2168 1734 2252 1766 ec-

1268 1786 1448 1836 clefias
1480 1787 1672 1836 Romae
1694 1786 1953 1844 condidit,
1975 1804 2136 1836 vnain
2166 1789 2254 1837 via

1267 1857 1584 1916 Ardeatina‚
1613 1857 1839 1907 alteram
1877 1858 2017 1908 intra
2051 1858 2254 1908 vrbem.

1270 1927 1421 1993 Quas
1459 1928 1845 1980 Constantinus
1881 1924 2093 1994 magnis
2137 1947 2253 1979 mu-

1269 2000 1484 2050 neribus
1507 1999 1809 2055 exornauit,
1832 2007 1887 2049 et
1907 2001 2076 2050 auxit.
2131 2000 2253 2050 Pos-

1267 2078 1442 2121 tremo
1486 2088 1610 2121 cum
1656 2088 1727 2120 ex
1775 2070 1931 2120 sacris
1972 2072 2252 2121 ordinibus

1268 2143 1349 2191 bis
1371 2142 1550 2192 mense
1574 2142 1863 2192 Decembri
1883 2141 2095 2202 habitis,
2112 2143 2252 2208 pres-

1269 2214 1488 2278 byteros
1529 2231 1673 2263 xxv.
1714 2213 1974 2263 diaconos
2020 2214 2097 2264 .vi.
2141 2215 2252 2279 epi-

1268 2285 1455 2350 scopos
1492 2284 1612 2349 .viij.
1651 2284 1886 2344 creasset,
1923 2286 2150 2334 moritur
2188 2303 2252 2335 ac

1267 2357 1320 2405 in
1356 2356 1669 2406 coemeterio
1707 2355 1951 2404 Balbinae
1988 2355 2252 2421 sepelitur,

1265 2445 1387 2478 cum
1441 2426 1648 2477 sedisset
1704 2443 1875 2475 annos
1929 2426 1993 2491 ij.
2045 2427 2252 2478 menses

1264 2498 1381 2563 .viij.
1411 2499 1526 2548 dies
1552 2498 1757 2562 viginti.

1661 2597 1860 2647 Oratio,

1274 2682 1559 2785 EXaudi
1578 2682 1798 2731 domine
1816 2698 2001 2747 preces
2021 2681 2222 2732 nostras
2243 2702 2251 2731 ε

1399 2762 1452 2804 et
1481 2754 1847 2803 intercedente
1872 2753 2034 2803 beato
2063 2753 2251 2803 Marco

1265 2826 1556 2876 confessore
1619 2832 1714 2874 tuo
1777 2832 1942 2888 atque
1994 2824 2251 2890 pontifice

1265 2897 1682 2964 supplicationes
1743 2895 1947 2944 nostras
2002 2895 2251 2961 placatus

1266 2970 1501 3019 intende.
1529 2983 1635 3033 per.

1265 3071 1319 3126 {I
1368 3065 1667 3130 Dionystus,
1707 3062 1966 3128 Rastz‘ms,
2005 3062 2250 3112 Eleuthe-

1552 3136 1667 3186 νίας
1694 3141 1964 3197 martyres

1556 3225 1737 3275 Lefflc‘o
1764 3222 1963 3273 tertia?

1273 3311 1623 3415 DIonysius
1686 3310 1863 3374 patria
1927 3308 2248 3359 atheniensis

1409 3385 1487 3434 vir
1525 3381 1774 3447 patritius
1819 3387 1873 3430 et
1916 3381 2247 3446 areopagita,

1262 3474 1370 3522 quo
1398 3455 1616 3504 nomine
1650 3452 1791 3501 illius
1827 3452 2062 3500 ciuitatis
2100 3450 2246 3501 sena-

1262 3538 1405 3579 tores
1447 3524 1877 3591 appellabantur,
1914 3522 2145 3572 traditur
2183 3539 2247 3571 eo

1261 3588 1378 3658 dies
1402 3614 1510 3663 quo
1552 3594 1790 3645 Christus
1829 3592 2118 3642 crucifixus
2159 3593 2248 3653 est,

1542 3745 1558 3771 3
1590 3745 1664 3788 die
1686 3756 1738 3798 .9.
1765 3744 1813 3786 in
1838 3759 1894 3787 m.
1957 3743 1995 3785 6.
2021 3744 2074 3787 A.

2042 3836 2059 3870 1
2079 3836 2096 3871 I
