2522 4114
1055 281 1172 315 XXV

168 431 261 476 aut
303 423 588 475 minimum
640 420 714 472 est
765 420 973 471 dierum
1026 419 1191 470 totius
1242 418 1369 468 anni
1420 416 1717 468 discrimen.
1762 434 1860 468 nec
1910 417 2054 468 enim

168 505 380 559 interest
413 505 483 557 ad
520 503 916 570 longitudinem
954 503 1023 553 de
1058 502 1331 553 dominica
1367 501 1453 551 seu
1491 500 1623 551 seria
1657 508 1864 567 agatur,
1891 517 1959 551 an
1987 502 2055 551 de

168 590 313 643 festo.
389 589 455 640 In
505 588 600 639 illo
650 587 839 655 psalmi
889 587 1015 638 hinc
1067 587 1193 637 inde
1241 602 1365 636 cum
1417 584 1748 645 difficultate,
1793 601 1957 644 mora,
2003 592 2056 634 et

166 673 330 726 taedio
377 671 660 742 voluendis
709 671 910 722 chartis
962 671 1332 736 exquiruntur.
1423 669 1486 718 In
1538 667 1641 720 hoc
1691 685 1787 734 per
1835 668 1951 719 dies
2002 675 2056 718 et

165 758 324 809 horas
357 757 525 808 totius
558 755 929 807 hebdomadae'
956 755 1190 821 dispositi
1227 754 1358 804 sunt.
1434 752 1543 819 Qui
1579 753 1753 803 noster
1786 754 1920 803 ordo
1948 770 2056 803 non

165 857 356 909 parum
407 841 536 891 facit
586 840 656 891 ad
708 838 994 906 temporis¹
1045 839 1387 900 breuitatem,
1438 845 1492 888 et
1542 836 1741 888 laboris
1792 837 2055 888 leuamen.

166 926 413 977 Adiuuat
451 924 638 976 itidem
677 925 812 974 ordo
851 921 1159 983 lectionum,
1199 939 1326 973 nam
1366 923 1541 988 prima
1579 930 1634 973 et
1672 922 1903 972 secunda
1941 921 2058 972 sim-

166 1010 290 1078 plici
334 1018 388 1061 et
433 1008 758 1060 immutabili
801 1009 990 1059 ordine
1035 1008 1300 1076 dispofitae
1346 1008 1466 1059 sunt
1509 1008 1562 1059 in
1608 1015 1786 1059 totum
1837 1023 2055 1063 annum,

167 1096 272 1147 siue
309 1094 499 1146 festum
537 1095 756 1156 incidat,
795 1094 900 1144 siue
939 1111 1064 1144 non.
1142 1093 1439 1144 Diuerfitas
1481 1093 1626 1144 enim
1671 1092 1868 1158 officiJ;
1920 1090 2060 1142 festi²

167 1179 464 1241 dominicae,
511 1186 566 1230 et
610 1177 809 1229 ferialis
853 1178 960 1228 diei
1011 1178 1243 1229 consistit
1288 1179 1339 1228 in
1393 1178 1696 1228 mutatione
1748 1175 2057 1241 inuitatorij,

166 1271 221 1316 et
254 1263 582 1330 hymnorum
617 1264 686 1314 ad
722 1264 1068 1324 matutinum,
1104 1270 1158 1313 et
1192 1262 1484 1329 vesperam,
1514 1269 1568 1313 et
1603 1263 1777 1312 tertiae
1813 1259 2059 1312 leEtionis

166 1356 221 1400 et
245 1348 518 1409 orationiS‚
547 1355 744 1399 caetera
771 1347 892 1398 sunt
919 1347 1157 1398 eiusdem
1186 1347 1409 1397 rationis
1434 1347 1732 1412 vtrobique.

271 1435 327 1492 ΙΙ
374 1431 433 1483 Si
476 1432 562 1482 cui
606 1439 790 1483 autem
837 1431 1162 1482 laboriosum
1216 1433 1269 1482 in
1321 1431 1424 1482 hoc
1474 1431 1744 1483 breuiario
1787 1430 2060 1480 videbitur

166 1516 423 1584 pleraque
457 1517 642 1567 omnia
675 1533 747 1567 ex
783 1516 921 1567 libro
959 1517 1080 1582 legi,
1107 1533 1231 1566 cum
1269 1516 1441 1567 multa
1477 1517 1529 1566 in
1558 1516 1665 1566 alio
1691 1533 1813 1582 quae
1840 1523 2061 1582 propter

166 1598 497 1667 frequenter³
534 1600 897 1666 repetionem4
934 1600 1251 1661 ediscuntur,
1282 1600 1594 1650 memoriter
1630 1600 2060 1666 pronuntientur,

166 1685 476 1752 compenset
510 1702 634 1736 cum
668 1684 773 1736 hoc
807 1684 992 1736 labore
1026 1686 1394 1751 cognitionem
1429 1685 1701 1752 scripturae
1736 1685 1910 1746 sacrae,
1937 1701 2059 1751 quae

166 1768 233 1819 fic
276 1768 329 1819 in
373 1768 489 1819 dies
532 1768 784 1835 augescit,
825 1775 878 1819 et
923 1769 1282 1819 intentionem
1327 1769 1508 1830 animi,
1549 1786 1714 1835 quam
1759 1770 1893 1819 deus
1934 1776 2061 1818 ante

166 1853 349 1904 omnia
375 1853 428 1903 in
456 1852 802 1920 precantibus
830 1853 1068 1919 requirit,
1088 1852 1251 1919 (hanc
1278 1854 1422 1903 enim
1451 1854 1713 1904 maiorem
1741 1845 2060 1920 legentibus

167 1954 331 2005 quam
358 1939 670 1989 memoriter
695 1938 1092 2005 proferentibus
1119 1938 1296 1989 adesse
1323 1938 1529 1989 necesse
1556 1938 1654 2003 est)
1675 1946 1730 1989 et
1754 1938 2058 1988 huiusmodi

167 2023 409 2074 laborem
436 2039 546 2074 non
574 2023 741 2074 modo
767 2020 1112 2084 frustuosum,
1139 2023 1227 2074 sed
1261 2024 1427 2074 etiam
1460 2009 1745 2074 salutarem
1782 2022 2075 2074 iudicabit:

171 2108 359 2159 Habes
393 2109 553 2159 Pater
587 2106 925 2161 Santffisfime
959 2108 1185 2159 instituti
1222 2108 1382 2159 nostri
1428 2109 1711 2169 rationem,
1749 2107 1918 2158 habes
1955 2107 2059 2158 for-

169 2192 372 2244 mulam
410 2192 676 2258 breuiarij,
715 2192 958 2259 superest,
1002 2199 1062 2243 vt
1099 2193 1134 2243 s1
1173 2192 1270 2243 tibi
1306 2209 1403 2253 reS,
1444 2192 1911 2258 quemadmodum
1947 2192 2060 2259 spe-

168 2276 385 2339 ramus⁵,
409 2295 518 2330 non
545 2279 954 2345 improbabitur,
978 2278 1087 2345 ipse
1113 2295 1331 2345 quoque
1358 2277 1543 2328 faueas
1570 2278 1824 2344 incoeptis
1851 2278 2056 2340 nostriS,

167 2371 222 2415 et
247 2362 417 2414 labori
443 2362 675 2430 publicae
703 2363 1111 2414 commoditatis
1137 2363 1313 2429 gratia
1342 2362 1594 2429 suscepto,
1669 2361 1821 2413 Vale.

226 2713 243 2741 ¹
272 2722 531 2781 temporum
559 2730 568 2759 :
593 2717 640 2759 P.
1214 2715 1231 2741 ⁴
1245 2716 1320 2771 stc
1340 2729 1354 2758 .·
1376 2715 1698 2771 repetitionem
1724 2717 1774 2758 R.
1798 2717 1845 2758 P.
1863 2716 1917 2758 A.

225 2771 243 2800 2
270 2772 365 2816 festl
391 2788 401 2817 ε
425 2787 510 2817 om.
544 2774 592 2817 P.
1212 2773 1230 2800 ⁵
1259 2774 1556 2830 sperabamus
1585 2789 1593 2817 ε
1619 2775 1665 2816 Ρ.

226 2829 244 2857 ³
271 2830 555 2888 frequentem
584 2846 593 2875 τ
615 2833 670 2876 R.
691 2833 737 2875 P.
756 2831 810 2875 A.
1071 2836 1077 2842 ’

1846 3826 1920 3860 62
