2560 4134
16 3910 46 4134 i

1076 238 1440 281 IANUARIUS.
2181 241 2278 292 109

222 340 354 386 tano
396 335 662 403 episcope,
700 336 785 387 cui
826 335 968 387 blesa
1019 335 1206 402 lingua

222 412 350 465 erat,
400 421 598 457 munus
656 404 958 458 iniunctum
1010 406 1206 473 praedi-

221 476 381 526 candi
415 476 761 544 euangelium
789 494 888 544 pro
916 477 1030 543 ipso
1058 477 1206 527 sanc-

183 597 186 600 .
220 546 425 607 tiffime,
446 555 502 598 et
522 548 828 600 constanter
846 549 1049 606 obibat,
1078 547 1203 613 Quo

221 617 442 683 cognito
455 619 728 670 Decianus
746 620 1056 686 prouinciae
1068 635 1205 684 prae-

223 686 302 738 ses
353 689 406 738 in
457 689 826 756 persecutione
877 689 1204 740 Diocletiani

220 766 275 809 et
326 759 656 811 Maximiani
706 761 826 828 capi
878 777 1002 811 eum
1054 760 1204 811 iubet

222 829 640 896 Caesaraugustae
667 848 791 882 cum
812 831 1121 892 Valeriano,
1149 838 1204 880 et

220 898 460 951 vinctum
487 901 557 952 ad
577 901 626 952 se
651 902 964 953 Valentiam
992 902 1204 962 deduci,

218 971 308 1022 vbi
371 979 594 1038 propter
655 971 781 1024 fidei
843 973 1202 1024 constantiam

219 1041 530 1093 verberibus
558 1041 793 1109 primum
814 1044 978 1109 Vsque
998 1045 1067 1094 ad
1095 1051 1204 1094 tor-

218 1119 398 1163 torum
450 1113 809 1166 lasfitudinem
862 1115 1028 1165 caesus
1069 1115 1143 1165 est
1192 1131 1202 1165 z

219 1184 417 1235 deinde
449 1185 504 1235 in
535 1186 767 1252 equuleo
801 1185 985 1236 ferreis
1011 1186 1203 1252 vngui·

220 1254 322 1305 bus
348 1263 645 1307 exaratus:
671 1257 940 1323 postremo
967 1258 1021 1307 in
1048 1257 1204 1308 crati-

218 1325 340 1376 cula
390 1327 575 1393 prunis
620 1327 869 1379 subietffis
910 1328 1204 1395 imposituS,

219 1403 275 1447 et
291 1396 474 1448 ferreis
492 1396 798 1464 pestinibus
819 1399 927 1450 alte
946 1401 1202 1466 impressis

218 1468 652 1530 excarnificatus
675 1469 824 1536 quae¹
851 1488 975 1522 cum
999 1468 1204 1522 immeto

219 1539 406 1590 animo
457 1541 754 1606 pertulisset
816 1542 870 1592 in
931 1559 1201 1593 carcerem

217 1611 528 1672 retruditur,
567 1613 657 1663 vbi
697 1613 861 1678 paulo
900 1613 1017 1679 post
1057 1613 1202 1679 spiri-

215 1687 334 1731 tum
372 1682 442 1732 ad
486 1684 727 1749 martyrij
769 1701 1025 1734 coronam
1066 1685 1202 1735 acci-

215 1752 474 1818 piendam
538 1754 710 1805 emisit
785 1755 878 1821 .xj.
945 1755 1203 1806 calendas

219 1823 514 1890 Februarij.

287 1893 415 1961 Quo
475 1896 564 1946 die
615 1897 935 1962 martyrium
985 1915 1203 1964 quoque

214 1965 522 2017 celebratur
547 1966 812 2033 Anastafij
836 1969 1057 2019 natione
1080 1970 1203 2020 Per-

214 2035 282 2086 sae
332 2051 344 2088 :
394 2038 486 2103 qui
554 2038 811 2089 Heraclio
874 2040 1202 2105 imperatore

212 2124 337 2158 cum
368 2108 771 2175 Ierosolymam,
791 2118 846 2161 et
874 2109 992 2162 loca
1019 2108 1202 2162 san&a

211 2178 402 2230 visisset
442 2188 601 2231 extra
650 2181 926 2232 castellum
981 2182 1202 2233 Bethsa-

215 2248 322 2300 lem
373 2268 497 2302 cum
550 2251 837 2318 sexaginta
887 2252 1203 2315 christianiS,

212 2321 305 2387 qui
343 2338 376 2372 a
417 2321 660 2374 Caesarea
706 2322 985 2374 Palestinae
1028 2325 1199 2390 ipsum

215 2391 429 2444 fuerant
450 2393 630 2453 secuti,
653 2395 786 2446 iussu
808 2395 949 2462 regis
969 2396 1203 2448 Cosdroe

214 2461 316 2515 fuit
343 2463 720 2532 strangulatus,

614 2590 817 2643 Oratae.

213 2693 459 2795 ADesto
512 2694 736 2746 domine
802 2695 1203 2779 supplicationi-

353 2765 453 2816 bus
481 2766 686 2828 nostriS,
705 2774 764 2818 vt
785 2769 879 2834 qui
905 2785 978 2818 ex
1005 2769 1200 2835 iniqui-

214 2841 330 2887 tate
361 2836 540 2888 nostra
575 2854 694 2888 reos
727 2855 826 2889 nos
861 2839 965 2890 esse
999 2857 1202 2906 cogno-

214 2906 408 2958 scimus
476 2928 488 2959 ε
547 2909 833 2961 beatorum
897 2918 1198 2977 martyrum

212 2985 431 3029 tuorum
482 2979 759 3046 Vincentij
814 2988 869 3032 et
930 2981 1198 3049 Anastafij

214 3049 583 3101 intercessione
610 3051 902 3102 liberemur
928 3070 940 3104 ε
976 3071 1072 3120 per
1103 3055 1200 3105 do-

218 3137 442 3172 minum.

249 3262 306 3319 (I
343 3259 647 3312 Timotheus
669 3262 923 3329 episcopus
949 3272 1166 3330 martyr.

502 3332 684 3383 Laelio
711 3333 908 3386 tertz'a2.

216 3436 606 3539 TImotheus
636 3439 842 3505 Lystris
863 3441 1070 3508 oppido
1094 3442 1204 3508 Ly-

378 3526 585 3561 caoniae
649 3518 811 3562 natus
873 3530 946 3563 ex
1013 3514 1203 3565 Iudaea

300 3633 316 3662 ¹
348 3634 426 3691 qui
454 3651 464 3680 :
489 3637 538 3680 P.
557 3637 611 3679 A.

298 3692 316 3720 ²
347 3693 421 3738 die
444 3705 510 3746 24.
535 3696 585 3736 in
609 3710 666 3738 m.

1291 339 1477 396 matre,
1501 341 1556 384 et
1581 341 1735 399 patre
1761 335 1950 400 gentili
1978 335 2277 387 christiana:

1292 404 1567 470 religionis
1588 404 1763 455 cultor
1782 413 1912 465 erat,
1932 423 2055 456 cum
2079 407 2278 458 Paulus

1291 475 1345 524 in
1374 491 1439 525 ea
1466 474 1587 525 loca
1614 476 1876 541 peruenit.
1954 476 2061 542 Qui
2097 486 2277 529 motus

1289 545 1568 596 Timothei
1621 543 1921 607 sanffltate,
1971 555 2026 597 et
2070 549 2279 613 optima

1290 616 1453 676 fama,
1476 613 1612 682 qua³
1638 616 1782 667 idem
1807 618 1947 667 inter
1967 617 2278 669 christianos

1290 687 1431 736 illius
1449 685 1653 749 tra6tus
1675 687 2278 750 celebrabatur⁴‚asciuit

1290 757 1462 824 ipsum
1516 758 1715 808 socium
1767 766 1822 809 et
1872 760 2130 810 comitem
2174 760 2278 811 sure

1289 828 1755 894 peregrinationis,
1851 828 1938 880 Ac
1989 847 2058 880 ne
2110 831 2278 882 offen-

1290 899 1560 960 derentur,
1596 900 1688 965 qui
1732 917 1802 950 ex
1846 900 2108 951 iudaismo
2153 919 2280 952 con-

1289 970 1419 1020 uersi
1448 970 1660 1021 fuerant
1687 971 1757 1021 ad
1786 971 2069 1032 Christum,
2091 973 2277 1023 Timo-

1286 1041 1587 1107 theumque
1638 1050 1906 1093 nouerant
1957 1042 2126 1094 filium
2174 1045 2277 1094 esse

1288 1112 1457 1178 patris
1485 1113 1716 1178 gentiliS,
1747 1113 1918 1179 ipsum
1947 1114 2278 1176 circuncidit,

1287 1184 1434 1249 quod
1461 1182 1661 1234 licebat
1688 1185 1865 1235 adhuc
1885 1186 2130 1236 nondum
2150 1186 2276 1237 satis

1286 1255 1574 1321 euangelio
1600 1256 1966 1322 promulgato,

1359 1326 1498 1377 Cum
1518 1333 1701 1377 autem
1721 1327 2080 1392 peruenissent
2093 1328 2276 1395 Ephe-

1287 1395 1415 1454 sum,
1445 1397 1648 1448 ibidem
1682 1398 2007 1449 Timotheus
2035 1398 2067 1450 ὲ.
2105 1400 2275 1450 Paulo

1287 1466 1506 1518 reli6tus
1529 1467 1616 1529 est,
1637 1475 1696 1520 vt
1718 1468 1994 1520 ecclefiam
2016 1468 2277 1532 doG’crina‚

1289 1539 1657 1606 exemploque
1686 1540 1909 1592 iuuaret.
1974 1542 2084 1592 Vbi
2116 1543 2279 1593 Ioan-

1288 1627 1414 1660 nem
1443 1611 1831 1676 euangelistam
1863 1613 2074 1663 audiuit
2105 1630 2116 1664 :
2144 1614 2276 1664 eius-

1288 1682 1526 1747 demque
1560 1682 1613 1731 in
1656 1682 1890 1733 Pathmo
1931 1684 2100 1734 insula
2141 1702 2277 1735 exu-

1288 1752 1450 1802 lantis
1477 1752 1654 1803 vicem
1689 1751 2021 1816 sanctisslme,
2056 1772 2118 1806 ac
2152 1773 2277 1821 pru-

1288 1823 1591 1873 dentissime
1617 1825 1782 1889 gessit.
1845 1825 1939 1875 Ad
1967 1826 2111 1876 hunc
2140 1827 2276 1877 Pau-

1288 1894 1370 1944 lus
1409 1902 1468 1945 vt
1519 1892 1780 1957 doCtrina,
1820 1914 1929 1962 qua
1972 1898 2275 1963 presentem

1288 1965 1603 2027 instituerat,
1621 1966 1896 2018 absentem
1915 1985 2132 2035 quoque
2150 1986 2277 2020 con-

1287 2035 1543 2097 firmaret,
1584 2037 1720 2088 duas
1771 2038 2023 2104 epistolas
2062 2040 2276 2107 scripsit,

1287 2107 1514 2157 alteram
1555 2126 1587 2158 a
1621 2109 1910 2170 Laodicea,
1936 2110 2167 2162 alteram
2204 2112 2274 2162 ab

1286 2178 1416 2228 vrbe
1472 2179 1663 2230 Roma.
1760 2180 2035 2231 Postremo
2088 2183 2276 2233 Timo-

1287 2249 1445 2300 theus
1484 2267 1608 2300 cum
1650 2251 1703 2300 in
1743 2251 1875 2302 festo
1924 2252 2276 2304 celeberrimo

1290 2321 1487 2371 Dianae
1520 2322 1786 2387 populum
1821 2323 1890 2373 ab
1924 2324 2091 2390 impio
2120 2325 2275 2375 sacri-

1288 2391 1410 2442 ficio
1428 2401 1715 2443 conaretur
1730 2401 1988 2455 auertere,
2002 2395 2274 2462 lapidibus

1287 2463 1514 2514 obrutus
1566 2464 1641 2515 est
1692 2462 1724 2515 a
1786 2464 1996 2516 furente
2054 2467 2273 2533 popu10‚

1287 2534 1431 2585 vnde
1482 2552 1622 2600 pene
1673 2544 1918 2587 mortuus
1959 2537 2197 2589 sublatus
2243 2538 2275 2589 a

1287 2605 1601 2666 christianiS‚
1655 2614 1709 2656 et
1755 2608 1824 2658 ad
1868 2616 2111 2659 montem
2156 2611 2273 2661 vrbi

1286 2677 1525 2728 vicinum
1561 2676 1788 2729 eduffitus
1827 2679 2070 2744 spiritum
2103 2681 2275 2732 emifit

1286 2765 1432 2799 nono
1460 2748 1718 2800 calendas
1748 2750 2042 2817 Februarij.

1285 2898 1340 2954 {I
1376 2894 1647 2959 Conuersto
1672 2896 1846 2947 Pauli
1865 2897 2056 2962 duplex
2084 2899 2275 2951 maim.

1462 2966 1565 3016 Ad
1586 2967 1819 3033 vesperas
1842 2968 2105 3033 Hymnus,

1292 3089 1570 3194 DOE'cor
1607 3094 1824 3159 egregie
1876 3095 2042 3146 Paule
2094 3113 2272 3148 mores

1423 3163 1654 3215 instrue:
1675 3166 2273 3232 Etmentepolumnos

1282 3234 1565 3285 transferre
1617 3235 1800 3301 satage
1844 3254 1856 3287 z
1908 3238 2101 3289 Donec
2151 3256 2273 3304 per-

1287 3301 1487 3355 feetum
1540 3305 1803 3371 largiatur
1853 3308 2107 3374 plenius
2127 3310 2272 3361 Eua-

1287 3383 1450 3426 cuato
1477 3377 1625 3442 quod
1653 3395 1724 3427 ex
1753 3387 1906 3444 parte
1932 3381 2186 3445 gerimus,

1361 3447 1446 3498 Sit
1464 3448 1695 3499 trinitati
1718 3449 2041 3516 sempiterna
2061 3452 2272 3523 gloria:

1292 3517 1502 3580 Honor,
1529 3519 1784 3585 potestaS,
1820 3529 1985 3589 atque
2025 3516 2272 3574 iubilatio

1383 3643 1400 3669 3

1382 3700 1398 3728 ⁴
1430 3647 1721 3746 ἓὲΙᾶεῐὲῑᾶῐξῐ·
1712 3719 1720 3748 :
1747 3707 1793 3748 P.
