2522 4114
1083 289 1193 339 xvii

293 969 438 1020 Ante
474 967 854 1033 Proefationem
893 964 1184 1016 editionum
1227 980 1368 1014 anno
1405 962 1636 1014 Domini
1678 964 1812 1029 1536
1848 960 2083 1028 Parzstis

190 1052 548 1120 imprcffffarum
577 1051 886 1118 inseruntur
906 1049 1011 1100 hoec
1034 1046 1356 1114 Priuilegia.

850 1206 905 1262 ΙΙ
938 1202 1135 1253 Paulus
1162 1218 1306 1268 papa
1332 1198 1416 1266 ‚iij.

304 1324 325 1361 3
353 1325 628 1376 Eatiffime
661 1332 830 1390 pater,
861 1321 1127 1389 supplicat
1160 1320 1440 1371 humiliter
1477 1319 1530 1372 S.
1568 1319 1636 1371 V.
1671 1319 1904 1370 deuotus
1940 1319 2081 1369 illius

208 1412 217 1427 ²
386 1419 569 1462 orator
627 1409 890 1460 Galeotus
948 1408 1022 1458 du
1085 1407 1186 1458 Pre
1246 1413 1514 1457 mercator
1572 1405 1818 1456 librarius
1877 1406 2083 1455 iuratus

187 1496 541 1549 vniuerfitatis
587 1492 884 1563 Parifienfis
928 1499 1199 1558 quatenus
1244 1490 1337 1541 fibi
1384 1489 1670 1556 specialem
1721 1489 1954 1556 gratiam
2005 1489 2084 1539 fa-

187 1582 377 1634 cientis
426 1587 485 1631 vt
535 1579 732 1630 librum
783 1577 1031 1628 ordinem
1082 1576 1391 1627 diuinorum
1437 1575 1737 1626 officiorum
1789 1574 2081 1625 secundum

186 1667 334 1718 vsum
377 1666 629 1717 Romane
667 1663 882 1715 ecclesie
926 1662 1141 1714 nouiter
1184 1663 1408 1723 editum,
1449 1679 1512 1712 ac
1556 1661 1945 1712 breuiariorum
1992 1660 2083 1710 de·

187 1751 341 1818 super
382 1753 452 1803 de
496 1751 714 1801 licentia
761 1748 817 1800 S.
863 1749 931 1800 V.
978 1747 1351 1814 impressorum
1398 1746 1629 1797 formam
1680 1746 2082 1796 recitandorum

187 1837 451 1887 rationem
506 1835 599 1885 sex
649 1849 917 1884 annorum
970 1832 1024 1882 in
1084 1831 1135 1882 se
1194 1832 1581 1892 continentem,
1633 1847 1771 1896 opus
1830 1829 2083 1879 omnibus

186 1920 423 1986 personis
461 1917 821 1970 ecclefiasticis
859 1914 1068 1967 dictum
1106 1915 1257 1967 vsum
1293 1914 1575 1966 obseruare
1610 1913 1919 1965 volentibus
1954 1913 2084 1964 vtile

188 2012 242 2056 et
285 2003 445 2055 valde
495 2003 844 2055 necessarium
897 2003 1204 2069 imprimere
1241 2000 1327 2053 vel
1369 2001 1607 2067 imprimi
1652 1999 1841 2060 facere,
1891 2006 1946 2050 et
1985 2000 2083 2050 im-

188 2089 418 2156 pressum
469 2088 523 2138 in
576 2105 744 2154 regno
810 2087 1036 2138 Francie
1100 2093 1154 2137 et
1213 2085 1368 2136 terris
1432 2085 1870 2137 Christianisfimo
1917 2085 2085 2135 Fran-

187 2191 372 2224 corum
403 2175 542 2240 Regi
569 2170 819 2224 subiectis
845 2173 1158 2224 venundare
1185 2171 1349 2222 libere
1376 2177 1430 2221 et
1456 2169 1602 2221 licite
1627 2171 1783 2237 possit
1808 2169 2083 2220 licentiam

188 2267 243 2311 et
284 2259 604 2326 facultatem
644 2258 943 2309 concedere
987 2265 1042 2309 et
1086 2256 1381 2322 indulgere.
1457 2256 1678 2306 Irritum
1723 2272 1942 2322 quoque
1985 2263 2083 2307 ete.

189 2346 474 2396 decernere
508 2345 809 2411 dignemini
845 2344 914 2395 de
955 2343 1132 2410 gratia
1174 2342 1388 2409 speciali
1429 2359 1538 2392 non
1581 2341 1916 2392 obstantibus
1958 2358 2086 2392 con-

190 2431 556 2483 stitutionibus
582 2439 638 2483 et
663 2430 1099 2483 ordinationibus
1127 2428 1450 2495 apostoliciS,
1475 2427 1770 2494 ceterisque
1801 2426 2085 2493 contrarijs
2147 2482 2149 2484 ,

189 2515 594 2584 quibuscunque
619 2532 743 2567 cum
771 2515 1018 2566 clausulis
1045 2513 1380 2582 opportuniS.

845 2623 969 2674 Fiat
994 2629 1053 2673 vt
1080 2621 1295 2689 petitur.
1358 2619 1428 2671 A.

299 2801 372 2852 Et
407 2801 559 2851 litere
595 2817 691 2866 per
725 2800 890 2851 breue
934 2799 987 2851 S.
1022 2799 1087 2851 V.
1123 2797 1210 2849 vel
1246 2795 1581 2848 audientiam
1624 2790 2084 2845 contradictarum

192 2886 438 2952 expediri
466 2886 673 2952 posfint.

998 2955 1133 3006 Fiat.
1197 2953 1265 3004 A.

299 3135 507 3186 Datum
562 3134 740 3183 Rome
791 3107 937 3198 apud
991 3128 1235 3182 sanctum
1290 3129 1511 3179 Petrum
1562 3125 1755 3192 quinto
1813 3123 2087 3177 Calendas

196 3219 468 3285 Februarij
499 3236 643 3269 anno
671 3217 918 3267 secundo,
