2606 4126
1114 260 1204 300 DE
1209 260 1286 300 CE
1287 261 1423 300 MBE
1426 262 1477 300 R.

277 368 332 425 {I
371 362 602 417 Thomas
624 366 1024 434 archiepiscopus
1040 376 1261 435 martyr.

612 436 792 489 LeHio
817 437 935 505 .2'4‘72.

277 538 599 641 THomas
648 543 871 594 natione
920 543 1115 610 anglus
1159 544 1260 595 sus-

415 619 576 678 cepto
625 612 1085 680 archiepiscopatu
1136 631 1262 666 can-

277 680 593 734 thuarienfi²
610 691 670 736 vt
695 684 750 735 in
777 685 1113 737 cancellariae
1143 703 1259 737 mu-

277 752 494 804 neribus
521 753 787 806 obeundis
821 755 1032 807 strenue
1066 756 1118 808 se
1143 756 1257 823 ges-

276 821 427 885 serat,
476 823 544 875 fic
605 825 661 876 in
723 825 943 877 ecclesia
1004 828 1259 878 adminis-

273 895 470 945 tranda
495 894 691 947 sortem
713 903 767 948 et
787 897 1122 950 constantem
1144 899 1257 949 ani-

275 980 426 1016 mum
467 966 728 1032 praestitit.
804 969 950 1019 Nam
992 986 1115 1020 cum
1157 987 1256 1020 rex

276 1035 549 1088 Henricus
610 1035 803 1090 canta
851 1039 1058 1105 synodo
1109 1040 1256 1107 leges

273 1106 533 1172 quasdam
578 1107 715 1160 ferre
760 1110 1041 1161 moliretur
1079 1111 1256 1178 digni-

271 1178 388 1239 tati,
426 1185 482 1230 et
518 1181 824 1232 commodis
862 1182 1096 1233 ecclefiae
1137 1200 1256 1249 per-

272 1248 644 1312 niciosaS,tam
672 1250 853 1303 sa116te
869 1260 924 1303 et
950 1253 1257 1305 constanter

270 1319 321 1370 se
380 1322 664 1372 conatibus
714 1324 827 1374 eius
878 1324 1144 1391 opposuit,
1197 1333 1256 1377 vt

271 1391 431 1442 nullis
450 1409 625 1459 neque
646 1394 1143 1459 pollicitationibu5‚
1162 1413 1254 1447 ne-

269 1479 376 1528 que
397 1463 556 1514 minis
575 1467 813 1531 potuerit
830 1467 1101 1519 deterreri.
1143 1468 1254 1519 Ita-

268 1550 375 1599 que
402 1535 583 1586 missus
609 1536 685 1588 est
711 1537 821 1604 ipse
846 1538 901 1588 in
929 1538 1171 1598 exilium,
1200 1546 1254 1590 et

264 1607 385 1656 'tota
429 1607 543 1657 eius
586 1609 843 1674 cognatio
888 1626 1055 1676 regno
1093 1627 1255 1662 exce-

267 1677 395 1727 dere
421 1677 566 1738 iussa,
589 1677 910 1731 cunctorum
932 1680 1089 1732 bonis
1116 1682 1253 1748 pub-

267 1747 454 1800 licatis,
520 1749 698 1802 Sexto
724 1758 908 1802 autem
936 1768 1081 1803 anno
1108 1770 1253 1820 papa

268 1826 322 1870 et
345 1819 626 1872 Gallorum
646 1839 771 1888 rege
789 1822 1252 1876 intercedentibus

267 1891 338 1942 ab
359 1891 527 1943 exilio
544 1909 670 1944 cum
692 1893 898 1960 ingenti
917 1895 1083 1945 totius
1100 1896 1252 1961 regni

265 1962 633 2028 gratulatione
695 1973 994 2026 reuocatur‚
1050 1983 1252 2032 magno

265 2042 450 2085 tamen
470 2034 663 2086 scelere
682 2043 847 2102 atque
865 2036 1053 2088 fraude
1071 2036 1251 2104 regis³.

266 2104 375 2171 Qui
427 2106 616 2157 dolens
658 2106 942 2173 sacrilegos
993 2107 1113 2159 suos
1163 2126 1250 2159 co-

265 2184 426 2227 natus
452 2177 685 2228 Thomae
712 2175 995 2230 sanGtitate
1015 2181 1084 2231 ad
1113 2180 1251 2230 nihi-

264 2246 378 2298 lum
414 2249 666 2311 recidisse,
691 2249 895 2300 violata
933 2249 1042 2301 fide
1080 2252 1250 2302 mittit

263 2327 597 2371 armatorum
638 2337 875 2382 manum,
902 2322 994 2388 qui
1030 2339 1154 2373 eum
1195 2323 1248 2374 in

263 2390 355 2441 sua
381 2390 600 2442 ecclefia
626 2392 972 2444 trucidarent.
1037 2392 1249 2459 Quibus

263 2461 353 2513 ille
370 2463 788 2514 aduenientibus
806 2472 992 2529 portas
1003 2465 1250 2527 eccleslae,

262 2551 398 2600 quas
425 2534 601 2585 clerici
629 2535 699 2586 ad
721 2535 1077 2587 obfistendum
1103 2536 1249 2587 clau-

262 2605 452 2667 serant,
497 2605 767 2672 patefecit,
818 2606 977 2673 seque
1028 2608 1249 2674 intrepi-

263 2677 395 2728 dum
437 2677 636 2728 obtulit
687 2677 1044 2744 iugulandum
1089 2698 1099 2729 :
1144 2679 1247 2730 hoc

261 2750 537 2800 duntaxat
585 2757 851 2815 precatus
913 2767 981 2800 ne
1031 2750 1245 2802 suorum

261 2820 545 2887 quisquam
572 2820 872 2873 laederetur.
934 2821 997 2872 In
1027 2838 1114 2872 me
1141 2823 1245 2889 (in-

260 2892 400 2958 quit)
436 2908 604 2942 vnum
642 2891 754 2943 tela
791 2894 1105 2954 conuertite,
1135 2910 1244 2944 non

260 2964 406 3014 enim
434 2963 615 3014 recuso
642 2980 741 3029 pro
762 2964 849 3014 dei
868 2963 1085 3014 ecclefia
1104 2981 1245 3015 mor-

259 3042 372 3086 tem
400 3041 673 3101 oppetere.
751 3035 946 3101 Itaque
967 3035 1125 3086 flexis
1151 3053 1243 3102 ge-

260 3106 421 3157 nibus
446 3106 610 3156 deum
646 3106 893 3166 adoranS,
919 3106 1116 3171 gladijs
1145 3108 1242 3157 im-

258 3178 473 3243 piorum
499 3177 767 3227 confossus
802 3177 1056 3228 occubuit
1082 3195 1126 3228 v.
1156 3195 1243 3229 ca-

260 3248 451 3299 lendas
474 3248 808 3298 Decembris
849 3248 1016 3299 Cuius
1048 3266 1243 3314 corpus

259 3318 346 3370 in·²
375 3319 569 3371 eadem
610 3318 828 3369 ecclefia
859 3319 1141 3370 conditum
1169 3320 1243 3371 est

258 3389 781 3458 magnificentissimo
808 3389 1098 3456 sepulchro.

344 3593 360 3620 ¹
391 3593 466 3637 die
488 3605 571 3647 .29.
596 3593 645 3636 in
667 3607 724 3635 m.
749 3606 833 3635 om.
860 3594 908 3635 P.

345 3650 361 3677 ²
392 3651 750 3695 canthuarienfis
771 3665 780 3694 ε
803 3651 856 3694 Α.

344 3709 361 3736 3
390 3709 505 3765 legis
529 3724 537 3752 ε
563 3710 611 3752 Ρ.

2235 254 2328 317 183

1382 359 1438 415 (Ι
1483 354 1664 406 Ᾱεὲἶιό
1713 357 1871 408 tertia
1899 358 2077 423 firmo
2110 361 2296 426 sandi

1641 426 1834 478 Leonis
1846 429 2037 494 papce⁶.

1350 513 1674 618 SAluator
1693 516 1869 568 noster
1890 516 2207 571 dilectiffimi
2230 539 2326 573 no-

1472 586 1556 637 bis
1606 594 1766 638 natus
1807 587 1882 638 est
1923 606 1933 638 :
1974 591 2324 655 gaudeamus,

1348 655 1541 722 Neque
1582 658 1727 708 enirn
1768 657 1847 709 fas
1893 658 1966 710 est
2005 660 2184 712 locum
2222 664 2326 714 esse

1344 726 1570 778 tristitiae
1622 747 1633 778 :
1682 729 1771 779 vbi
1823 730 2019 780 natalis
2069 731 2144 783 est
2182 734 2324 787 vitae.

1346 797 1487 864 Quae
1521 798 1843 867 consumpto
1879 801 2224 855 mortalitatis
2259 806 2324 855 ti·

1343 886 1493 920 more
1537 870 1733 936 ingerit
1771 871 1927 922 nobis
1966 872 2035 923 de
2072 876 2324 939 promissa

1342 941 1648 992 aeternitate
1697 941 1960 994 laetitiam.
2035 943 2216 996 Nemo
2254 947 2324 998 ab

1341 1009 1501 1061 huius
1563 1011 1856 1063 alacritatis
1907 1015 2322 1082 participatione

1342 1080 1644 1135 secernitur.
1719 1084 1844 1134 Vna
1879 1083 2086 1136 cuncffis
2118 1086 2322 1140 laetitiae

1341 1154 1649 1205 communis
1675 1154 1750 1206 est
1777 1155 1915 1207 ratio
1944 1173 1955 1207 :
1983 1158 2110 1223 quia
2148 1159 2322 1209 domi-

1342 1240 1443 1274 nus
1470 1225 1646 1276 noster
1671 1228 1881 1292 peccati
1911 1228 2202 1295 mortisque
2228 1230 2322 1281 de-

1340 1292 1565 1346 stru&or
1607 1316 1617 1348 :
1666 1297 1797 1349 ficut
1841 1299 2050 1350 nullum
2093 1298 2125 1350 a
2168 1309 2319 1352 reatu

1340 1365 1567 1417 liberum
1604 1369 1878 1434 repperit:
1919 1370 1995 1420 ita
2030 1370 2322 1424 liberandis

1339 1438 1592 1489 omnibus
1619 1441 1780 1493 venit.
1828 1441 2059 1492 Exultet
2087 1440 2321 1496 sanCtus:

1338 1510 1468 1574 quia
1511 1511 1916 1577 appropinquat
1954 1514 2023 1563 ad
2063 1513 2320 1580 palmam.

1340 1580 1592 1632 Gaudeat
1610 1590 1863 1648 peccator
1885 1584 2041 1649 :quia
2061 1585 2323 1636 inuitatur

1337 1651 1407 1701 ad
1435 1653 1666 1703 veniam.
1740 1653 2037 1705 Animetur
2060 1656 2277 1721 gentilis
2309 1674 2320 1709 :

1335 1722 1463 1789 quia
1479 1732 1705 1775 vocatur
1721 1725 1790 1775 ad
1807 1725 1991 1776 vitam.
2062 1727 2166 1777 Dei
2188 1744 2319 1779 nan-

1335 1810 1442 1859 que
1493 1793 1633 1845 filius
1685 1795 1976 1847 secundum
2029 1797 2320 1863 plenitudi-

1336 1881 1462 1916 nem
1483 1867 1744 1932 temporis
1778 1886 1788 1918 :
1814 1884 1979 1933 quam
2001 1869 2171 1924 diuini
2192 1886 2320 1921 con-

1335 1935 1429 2001 filij
1472 1936 1830 1988 inscrutabilis
1868 1938 2104 1990 altitudo
2142 1940 2318 2007 dispo-

1335 2006 1450 2069 suit,
1487 2008 1943 2060 reconciliandam
1982 2009 2189 2061 rauciori
2228 2011 2319 2062 suo

1335 2086 1585 2129 naturam
1603 2081 1815 2146 generis
1834 2080 2051 2147 sumpfit
2068 2082 2320 2135 humani:

1333 2157 1391 2200 vt
1424 2150 1676 2201 inuentor
1709 2151 1898 2202 mortis
1938 2152 2188 2204 diabolus
2224 2171 2320 2220 per

1335 2221 1523 2287 ipsam,
1573 2239 1682 2289 qua
1733 2223 1949 2285 vicerat,
2000 2224 2318 2277 vinceretur.

1336 2292 1400 2342 In
1428 2310 1537 2359 quo
1569 2291 1823 2344 conflictu
1859 2311 1956 2360 pro
1992 2295 2148 2346 nobis
2184 2297 2318 2347 inito

1335 2380 1536 2429 magno
1563 2372 1618 2416 et
1644 2364 1876 2415 mirabili
1903 2366 2178 2432 aequitatis
2205 2367 2319 2419 iure

1333 2443 1599 2486 certatum
1628 2436 1715 2487 est.
1793 2437 1942 2487 Dum
1969 2437 2318 2503 omnipotens

1332 2507 1586 2557 dominus
1604 2524 1728 2558 cum
1747 2507 2024 2559 saeuisfimo
2041 2508 2191 2559 hoste
2208 2526 2317 2560 non

1332 2578 1386 2628 in
1410 2577 1500 2628 sua
1523 2578 1814 2640 maiestate,
1835 2579 1923 2631 sed
1946 2580 1999 2629 in
2027 2579 2205 2631 nostra
2221 2580 2319 2631 hu-

1332 2649 1562 2700 militate
1600 2650 1960 2716 congreditur.
2036 2650 2314 2717 Obijciens

1331 2721 1379 2771 ei
1419 2722 1652 2772 eandem
1693 2721 1939 2782 formam,
1976 2723 2318 2789 eandemque

1330 2800 1582 2843 naturam
1640 2812 1650 2843 :
1701 2793 2049 2844 mortalitatis
2094 2794 2315 2860 quidem

1330 2863 1522 2914 nostrae
1562 2864 1882 2930 participem
1922 2883 1932 2915 ε
1974 2864 2061 2915 sed
2105 2865 2315 2931 peccati

1328 2935 1497 2986 totius
1524 2943 1823 3001 expertem.

1421 3070 1475 3126 ΙΙ
1509 3066 1773 3134 Sylzcester
1783 3076 1927 3134 papa
1952 3069 2209 3135 consqffor.

1662 3164 1837 3216 Leb‘t'io
1863 3164 1982 3232 ‚z'z'j⁶.

1332 3247 1663 3352 SYluester
1689 3251 1865 3315 patria
1892 3267 2148 3301 romanus
2169 3268 2315 3303 anno

1455 3319 1647 3371 Christi
1693 3322 2004 3373 cccxxxix.
2055 3323 2124 3372 ad
2176 3322 2314 3374 sum-

1327 3407 1478 3441 mum
1530 3391 1911 3458 pontificatum
1975 3387 2177 3445 elefflms
2239 3394 2314 3445 est

1412 3593 1430 3620 ⁴¹
1459 3593 1507 3636 in
1538 3606 1653 3636 tom.
1683 3594 1736 3637 A.

1412 3651 1429 3678 5
1459 3651 1535 3694 die
1558 3663 1613 3705 30
1633 3653 1684 3694 in
1705 3666 1763 3694 m.
1789 3653 1842 3695 R.
1870 3653 1916 3696 P.
1940 3654 1994 3696 A.

1412 3708 1428 3734 ⁶
1459 3709 1534 3753 die
1556 3722 1638 3764 .31.
1661 3710 1713 3752 in
1735 3724 1792 3753 m.
