2560 4134
861 270 1174 312 DOMINICA
1214 268 1411 309 PRIMA
1449 269 1808 311 ADUENTUS.
2288 269 2348 306 21

299 365 493 419 leratiS.
545 364 965 433 Dereliquerunt
985 366 1283 425 dominum,

299 437 811 504 blasphemauerunt
837 435 1080 488 sanctum
1116 436 1284 497 israel,

299 508 590 559 abalienati
612 508 733 559 sunt
756 508 1058 559 retrorsum.
1109 508 1286 573 Super

299 595 409 644 quo
425 578 724 645 percutiam
740 595 837 629 vos
854 578 1008 639 vltra,
1019 578 1284 629 addentes

299 649 800 714 praeuaricationem
821 649 840 700 ?
909 649 1092 701 Omne
1118 656 1285 715 caput

297 720 633 786 languidum,
654 727 709 771 et
728 736 891 771 omne
917 737 1010 770 cor
1035 735 1284 771 moerens,

297 789 354 840 A
373 790 562 857 planta
582 790 736 857 pedis
753 790 917 856 vsque
937 790 1006 841 ad
1027 791 1283 841 verticem

298 877 407 912 non
434 861 509 912 est
534 862 589 912 in
616 878 681 912 eo
707 861 917 913 sanitas,
978 861 1210 922 Vulnus,
1229 867 1284 911 et

298 931 448 994 liuor,
473 938 528 983 et
554 931 719 998 plaga
753 940 969 984 tumens
1011 948 1023 983 ε
1062 949 1172 982 non
1209 930 1283 982 est

296 1002 685 1070 circumligata,
707 1019 806 1054 nec
832 1010 1020 1054 curata
1047 1003 1284 1054 medica-

297 1073 456 1136 mine,
507 1090 685 1140 neque
734 1074 850 1125 fota
903 1074 1038 1125 ole0.
1113 1074 1283 1124 Terra

294 1144 465 1195 vestra
508 1144 717 1196 deserta
758 1161 770 1197 :
806 1145 1056 1196 ciuitates
1094 1145 1281 1196 vestrae

294 1215 553 1267 succensae
602 1216 723 1267 sunt
771 1216 898 1282 igni.
974 1216 1279 1282 Regionem

292 1285 520 1337 vestram
564 1303 747 1337 coram
789 1287 944 1338 vobis
985 1287 1147 1338 alieni
1186 1288 1278 1338 de-

293 1365 489 1409 uorant
530 1374 542 1409 :
581 1365 635 1408 et
673 1357 1014 1421 desolabitur,
1051 1359 1182 1409 ficut
1223 1359 1278 1409 in

293 1427 543 1479 vastitate
568 1428 759 1481 hostili.
834 1429 908 1480 Et
939 1430 1278 1496 derelinque-

292 1506 381 1549 tur
414 1499 524 1550 filia
557 1499 690 1552 Sion
721 1507 781 1551 vt
810 1501 1187 1552 vmbraculum
1221 1501 1274 1551 in

292 1571 463 1632 vinea,
496 1569 574 1622 et¹
610 1571 741 1622 ficut
775 1572 1051 1637 tugurium
1092 1572 1146 1622 in
1185 1589 1276 1622 cu-

291 1642 605 1705 cumerario,
651 1650 706 1693 et
749 1643 878 1693 ficut
923 1643 1114 1694 ciuitas
1153 1661 1276 1710 quae

291 1712 542 1764 vastatur.
634 1713 746 1764 Nifi
809 1715 1065 1765 dominus
1121 1731 1277 1765 exer-

291 1784 497 1834 cituum
541 1784 831 1851 reliquisset
872 1786 1029 1836 nobis
1081 1785 1277 1848 semen,

290 1855 436 1920 quasl
472 1855 695 1906 sodoma
729 1855 1016 1917 fuissemuS‚
1043 1865 1099 1908 et
1130 1857 1276 1923 quafi

290 1927 580 1990 gomorrha
618 1926 812 1978 slmiles
847 1928 1084 1979 essemus.
1160 1929 1279 1979 Au-

290 1997 403 2047 dite
452 1998 681 2048 verbum
740 1999 947 2049 domini
1007 2000 1277 2066 principes

291 2068 657 2120 Sodomorum
703 2086 715 2121 :
756 2070 1018 2136 percipite
1058 2072 1277 2121 auribus

290 2139 467 2206 legem
518 2141 606 2191 dei
658 2140 820 2191 nostri
872 2141 1107 2207 populus
1166 2142 1275 2193 Go-

290 2211 536 2262 morrhae.
611 2210 738 2277 Quo
789 2212 920 2262 mihi
973 2212 1275 2264 multitudi—

290 2298 412 2332 nem
439 2280 782 2333 victimarum
808 2283 1114 2346 vestrarum,
1143 2286 1276 2336 dicit

288 2353 572 2405 dominus?
616 2354 813 2404 Plenus
832 2354 944 2404 sum
962 2355 1275 2407 holocausto

288 2425 534 2485 arietum,
561 2432 615 2475 et
646 2426 809 2491 adipe
841 2427 1127 2492 pinguium
1171 2445 1181 2478 :
1219 2436 1273 2479 et

288 2494 602 2561 sanguinem
619 2497 911 2548 vitulorum
931 2507 985 2548 et
1006 2515 1273 2563 agnorum

287 2573 341 2616 et
381 2567 653 2618 hircorum
694 2568 856 2619 nolui.
935 2569 1074 2620 Cum
1114 2588 1274 2621 vene-

288 2637 400 2688 ritis
421 2645 547 2689 ante
567 2637 911 2705 conspe8mm
936 2657 1132 2699 meum,
1153 2643 1275 2708 quis

286 2708 531 2774 quaefiuit
550 2709 668 2760 haec
689 2711 758 2760 de
783 2711 1032 2761 manibus
1053 2713 1237 2763 vestris
1266 2733 1276 2764 :

286 2788 345 2831 vt
393 2781 747 2832 ambularetis
798 2782 851 2832 in
903 2783 1054 2848 atrijs
1102 2785 1275 2835 meis?

290 2850 374 2902 Ne
446 2852 685 2903 offeratis
752 2852 892 2904 vltra
960 2854 1271 2906 sacrificium

287 2922 488 2973 frustra.
541 2923 824 2974 Incensum
845 2924 1181 2976 abominatio
1200 2927 1274 2978 est

288 2994 432 3044 mihi.
474 2995 836 3045 Neomeniam
861 3003 915 3047 et
936 2996 1274 3058 sabbathum,

288 3072 343 3116 ct
392 3064 708 3116 sestiuitates
754 3066 887 3117 alias
933 3085 1041 3118 non
1089 3069 1271 3132 seram.

288 3136 456 3203 iniqui
487 3137 607 3187 sunt
633 3145 802 3188 caetus
828 3138 996 3190 vestri.
1078 3139 1274 3191 Calen-

286 3208 385 3258 das
400 3207 613 3267 vestras,
635 3216 689 3259 et
707 3209 1057 3261 solennitates
1074 3212 1271 3262 vestras

286 3279 458 3328 odiuit
476 3280 659 3330 anima
679 3297 813 3330 mea.
838 3278 980 3331 sacta
1002 3282 1120 3333 sunt
1139 3284 1271 3333 mihi

287 3349 508 3408 molesta
536 3370 546 3401 :
573 3350 817 3401 laboraui
849 3352 1119 3404 sustinens,
1198 3355 1272 3404 Et

285 3437 409 3471 cum
445 3422 801 3472 extenderitis
837 3440 1029 3473 manus
1058 3425 1270 3486 vestras,

285 3499 528 3542 auertam
570 3492 758 3543 oculos
800 3510 949 3544 meos
991 3493 1023 3544 a
1063 3497 1217 3545 vobis
1258 3516 1267 3546 :

284 3571 338 3614 ct
379 3580 500 3613 cum
544 3564 1031 3630 multiplicaueritis
1074 3567 1270 3618 oratio-

391 3712 406 3739 1
439 3720 483 3755 et
509 3706 520 3755 z*
542 3714 664 3755 omit.
695 3715 739 3756 P.

1370 380 1512 426 nem,
1574 382 1684 415 non
1746 365 2057 419 exaudiam.
2155 366 2354 418 Manus

1368 434 1554 485 vestrae
1581 435 1839 501 sanguine
1864 437 2041 503 plenae
2067 437 2201 490 sunt.
2268 439 2353 489 Tu

1369 513 1553 556 autem
1602 507 1824 558 domine
1874 508 2119 559 miserere
2178 508 2354 560 nostri.

1367 576 1437 628 R.
1501 577 1624 627 Deo
1660 578 1876 643 gratias
1956 580 2040 630 Et
2057 579 2141 644 stc
2174 580 2355 630 termi-

1369 655 1573 698 nantur
1594 665 1770 699 omnes
1804 649 2040 700 leaz‘ones
2062 660 2165 716 per
2188 659 2353 701 totum

1366 735 1584 778 annum,
1588 727 1947 786 proeterquam
1965 721 2021 772 z'n
2039 721 2217 772 triduo
2232 730 2355 773 ante

1354 788 1566 854 pascha.
1676 789 1731 842 V.
1811 791 1947 842 Iube
1995 793 2218 843 domine
2266 801 2351 843 etc,

1366 859 1677 912 Benedidz'a
1742 861 2074 929 Vnigenitus
2095 864 2182 913 dei
2209 862 2352 914 filius

1368 946 1467 980 nos
1493 931 1827 992 benedicere,
1854 941 1909 984 et
1940 934 2199 985 adiuuare
2234 934 2352 1000 dig—

1366 1009 1535 1053 netur.
1597 1003 1665 1053 R.
1710 1002 1909 1055 Amen.
1972 1005 2056 1056 Et
2076 1005 2352 1071 hoecstmz'-

1365 1072 1489 1124 liter
1517 1073 1796 1125 benedic‘lz'o
1829 1074 2030 1127 dicitur
2051 1085 2155 1142 per
2183 1084 2350 1128 totum

1363 1161 1568 1195 annum
1616 1145 1695 1195 ad
1734 1146 2025 1210 fhcundam
2072 1147 2353 1208 lembum,

1361 1231 1478 1281 quoe
1522 1215 1597 1283 est
1622 1216 1832 1283 stemper
1876 1218 2007 1269 noui
2052 1218 2352 1286 testamenti.

1363 1333 1418 1389 (1
1446 1327 1644 1394 Incipit
1673 1329 2038 1397 Euangelz'um
2057 1331 2350 1396 secundum

1572 1400 1786 1452 Lucam.
1863 1401 2042 1453 Lec‘i‘z'o
2069 1401 2158 1470 .sz²

1368 1494 1558 1597 FVit
1601 1497 1655 1547 in
1700 1498 1891 1549 diebus
1941 1499 2159 1551 herodis
2210 1501 2350 1567 regis

1496 1568 1714 1632 Iudaeae,
1735 1569 1979 1621 sacerdos
2000 1572 2224 1638 quidam
2254 1590 2350 1623 no-

1361 1638 1506 1690 mine
1533 1640 1822 1702 zachariaS‚
1844 1642 1913 1692 de
1938 1643 2055 1693 vice
2080 1643 2230 1694 Abia
2258 1663 2268 1694 ε
2294 1652 2349 1695 et

1360 1727 1500 1760 vxor
1525 1711 1667 1762 illius
1702 1713 1771 1763 de
1807 1712 2022 1764 filiabus
2057 1714 2264 1776 Aaron,
2293 1723 2348 1766 et

1361 1798 1560 1832 nomen
1620 1784 1734 1846 eius
1796 1784 2087 1836 Elisabeth.
2174 1786 2348 1838 Erant

1361 1860 1544 1904 autem
1572 1854 1690 1904 iusti
1717 1854 1882 1906 ambo
1908 1863 2037 1906 ante
2062 1857 2243 1917 deum,
2268 1859 2347 1908 in-

1361 1925 1618 1975 cedentes
1662 1926 1716 1975 in
1767 1928 2045 1977 omnibus*
2074 1929 2349 1980 mandatis

1361 2002 1416 2045 et
1467 1995 1932 2048 iustificationibus
1983 1999 2191 2049 domini
2240 2001 2348 2051 s1ne

1360 2068 1593 2132 querela.
1612 2076 1667 2118 et
1689 2086 1794 2118 non
1819 2078 1933 2119 erat
1955 2070 2061 2120 illis
2082 2070 2222 2121 filius
2245 2091 2255 2122 :
2282 2090 2348 2123 eo

1360 2139 1507 2203 quod
1554 2139 1682 2190 esset
1730 2140 2008 2191 Elisabeth
2051 2141 2250 2203 steriliS‚
2292 2152 2348 2194 et

1358 2210 1523 2259 ambo
1550 2212 1904 2276 procesfissent
1931 2212 1984 2262 in
2011 2213 2204 2263 diebus
2232 2214 2349 2267 suis.

1361 2278 1591 2331 Factum
1631 2282 1706 2332 est
1744 2290 1927 2333 autem
1969 2302 1978 2333 :
2017 2301 2140 2334 cum
2181 2284 2350 2336 sacer-

1359 2352 1511 2402 dotio
1539 2353 1853 2418 fungeretur
1879 2355 2153 2405 zacharias
2182 2357 2234 2406 in
2264 2375 2348 2407 or—

1357 2424 1485 2474 dine
1511 2424 1642 2474 vicis
1670 2424 1774 2475 suae
1802 2434 1929 2476 ante
1961 2427 2139 2487 deum,
2167 2427 2350 2478 secun-

1359 2495 1490 2545 dum
1547 2495 1991 2547 consuetudinem
2050 2498 2347 2565 sacerdotij,

1360 2566 1497 2616 sorte
1537 2567 1676 2632 exijt
1715 2575 1773 2618 vt
1809 2568 2082 2619 incensum
2120 2580 2347 2636 poneret

1359 2638 1617 2703 ingressus
1654 2639 1707 2688 in
1740 2640 2007 2705 templum
2041 2642 2261 2692 domini.
2291 2651 2346 2693 ct

1359 2711 1537 2759 omnis
1555 2710 1849 2761 multitudo
1861 2712 2345 2777 populieratorans

1359 2781 1488 2830 soris
1515 2781 1647 2831 hora
1674 2782 1886 2833 incensl.
1947 2782 2224 2849 Apparuit
2252 2803 2341 2835 au-

1358 2860 1470 2902 tem
1504 2852 1579 2902 illi
1615 2853 1841 2918 angelus
1880 2854 2101 2914 domini,
2131 2855 2273 2906 stans
2313 2855 2346 2907 a

1358 2925 1569 2974 dextris
1591 2924 1775 2974 altaris
1796 2925 2003 2975 incenfi.
2058 2927 2131 2976 Et
2153 2928 2345 2977 zacha-

1358 2996 1462 3045 rias
1483 2995 1732 3045 turbatus
1753 2996 1840 3054 est,
1863 2997 2054 3047 videns
2077 3016 2086 3047 :
2107 3006 2160 3047 et
2182 2999 2345 3048 timor

1357 3067 1508 3116 irruit
1535 3066 1690 3132 super
1715 3083 1853 3117 eum.
1927 3067 2028 3118 Ait
2056 3077 2238 3118 autem
2273 3071 2342 3120 ad

1356 3138 1509 3187 illum
1538 3137 1776 3202 angelus,
1807 3138 1893 3188 Ne
1928 3139 2122 3188 timeas
2153 3141 2344 3190 zacha-

1356 3210 1433 3258 ria
1460 3210 1717 3274 quoniam
1751 3210 2013 3259 exaudita
2040 3210 2114 3260 cst
2153 3212 2342 3276 depre-

1355 3281 1498 3330 catio
1532 3288 1638 3330 tua.
1680 3288 1733 3329 et
1765 3297 1903 3330 vxor
1935 3288 2029 3330 tua
2063 3281 2342 3333 Elisabeth

1355 3352 1529 3417 pariet
1566 3351 1663 3400 tibi
1697 3350 1882 3412 filium,
1909 3359 1963 3402 et
1990 3353 2211 3403 vocabis
2247 3371 2342 3403 no-

1357 3440 1479 3472 men
1509 3422 1621 3472 eius
1653 3421 1915 3472 Ioannem
1953 3441 1963 3472 :
2003 3430 2056 3473 et
2084 3425 2183 3474 erit
2209 3441 2343 3489 gau-

1355 3495 1502 3544 dium
1541 3493 1638 3542 tibi
1675 3501 1729 3542 et
1764 3494 2050 3556 exultatio,
2086 3503 2141 3544 et
2185 3496 2341 3545 multi

1357 3567 1410 3615 in
1474 3565 1760 3614 natiuitatc
1829 3565 1942 3614 eius
2010 3566 2341 3630 gaudebunt.

947 3715 962 3741 2
994 3729 1060 3758 ca.
1087 3718 1117 3758 Ι.
1146 3718 1186 3758 R
1213 3732 1219 3759 :
1247 3717 1506 3773 Capitulum
1527 3715 1557 3769 j.
1585 3716 1617 3756 P
1650 3731 1656 3758 :
1685 3715 1833 3770 capite
1859 3725 1887 3757 1.
1912 3717 1965 3758 A.
2000 3715 2044 3772 [i.
2072 3718 2245 3774 3—25.]
