2606 4126
721 252 959 292 -JNDEX
999 252 1374 293 TERTIARUM
1403 253 1786 295 LECTJONUM.
2207 252 2307 304 203

623 786 875 836 INDEX
928 784 1408 837 TERTIARUM
1464 784 1936 837 LECTIONUM

251 928 392 954 earum
422 916 636 967 praecipue
669 929 784 967 quae,
815 915 941 954 Festis
968 921 1047 966 per
1072 927 1235 953 annum
1272 914 1481 965 ascriptae,
1512 914 1716 965 zspsissima
1745 916 1894 954 Sacrae
1921 916 2158 966 Scripturae
2192 916 2309 955 verba

1042 974 1202 1019 parum
1223 968 1420 1007 exhibent.

330 1070 390 1108 Hi
415 1075 508 1110 sunt
537 1070 764 1121 scriptores,
795 1070 897 1109 haec
923 1069 1145 1115 volumina,
1171 1069 1319 1121 quibus
1342 1069 1458 1121 quasi
1483 1068 1664 1109 fontibus
1686 1069 1729 1108 in
1754 1069 1833 1109 hoc
1863 1069 1995 1109 indice
2021 1069 2306 1109 concinnando

247 1136 322 1174 pro
354 1123 508 1162 maiore
538 1130 653 1175 parte
685 1124 747 1162 usi
779 1136 930 1162 sumus.

327 1177 439 1215 Ado.
494 1177 849 1227 Martyrologium,
885 1176 951 1215 ed.
984 1176 1224 1226 Rossweyd.
1256 1175 1458 1226 Antverp.
1497 1174 1612 1223 1613.

327 1229 570 1269 Anastasius
604 1229 953 1268 Bibliothecarius.
1012 1231 1078 1268 De
1109 1230 1206 1267 vitis
1234 1229 1492 1280 Pontificum,
1529 1230 1593 1268 ed.
1630 1228 1814 1275 Fabroti,
1846 1229 1973 1267 Paris.
2031 1228 2145 1283 1649.

327 1283 563 1322 Bollandus.
623 1284 726 1322 Acta
758 1284 1014 1330 Sanctorum,
1054 1283 1180 1321 Paris.
1215 1282 1340 1321 editio
1370 1282 1604 1328 novissima,
1639 1282 1745 1321 circa
1776 1295 1812 1322 a.
1849 1283 1904 1321 D.
1944 1282 2058 1322 1866.

328 1337 596 1375 Breviariurn
626 1337 875 1381 Romanum,
910 1335 1108 1380 Venetiis‚
1142 1337 1276 1383 Iunta,
1319 1347 1432 1386 1534.
1491 1340 1545 1386 4⁰.

333 1390 464 1428 Codex
491 1390 755 1441 Apocryphus
781 1389 896 1428 Novi
930 1390 1186 1436 Testamenti,
1219 1390 1285 1428 ed.
1315 1389 1443 1437 Giles,
1477 1388 1612 1427 Lond.
1646 1389 1690 1427 18
1696 1400 1761 1439 52.

328 1443 543 1482 Eusebius.
599 1443 759 1495 Hister.
796 1443 945 1481 Eccles.
979 1456 1030 1482 ex
1059 1443 1243 1481 versione
1280 1441 1431 1488 Rufini,
1468 1443 1679 1489 Mantuae,
1717 1451 1832 1492 1479.

326 1497 618 1547 Hieronymus.
673 1497 741 1535 De
771 1497 877 1535 viris
911 1496 1154 1534 inlustribus
1184 1496 1291 1540 liber,
1326 1495 1391 1534 ed.
1425 1495 1504 1534 Gu.
1542 1495 1744 1546 Herding,
1784 1494 1961 1546 Lipsiae,
1998 1497 2111 1546 1879.

324 1549 599 1588 Mombritius.
654 1550 951 1588 Sanctuarium
982 1562 1050 1588 seu
1093 1549 1205 1589 Vitae
1235 1550 1492 1594 Sanctorum,
1525 1549 1764 1596 Mediolani,
1806 1559 1919 1600 1479.

323 1604 555 1654 Patrologia
583 1602 739 1654 Migne.

323 1656 498 1695 Platina.
554 1657 620 1695 De
649 1656 746 1694 vitis
774 1656 1035 1708 Pontificum,
1066 1655 1158 1695 Col.
1192 1655 1366 1706 Agripp.
1404 1654 1517 1694 1611.

324 1709 478 1749 Surius.
534 1710 600 1749 De
629 1710 726 1747 vitis
758 1711 1017 1755 Sanctorum,
1052 1709 1248 1756 Venetiis,
1292 1711 1403 1758 1581.

239 1825 451 1865 Adauctus
1066 1823 1278 1870 Eusebius,
1310 1823 1382 1862 lib.
1412 1833 1516 1862 V111.
1544 1836 1634 1874 cap.
1663 1823 1717 1863 xi.

241 1878 408 1930 Agatha
1071 1877 1238 1916 Simeon
1270 1877 1570 1927 Metaphrastes
1598 1877 1706 1927 apud
1738 1875 1928 1914 Bolland.
2039 1921 2043 1922 ⁷

241 1932 383 1982 Agnes
1071 1930 1315 1968 Ambrosius
1343 1931 1453 1981 apud
1483 1929 1780 1968 Mombritium.
1815 1930 1912 1967 Ado
1940 1929 1992 1968 de
2019 1929 2109 1968 sest.
2138 1930 2221 1981 Ap.

241 1985 478 2024 Alexander
505 1984 720 2037 episcopus
1070 1984 1348 2034 Hieronymus
1376 1996 1466 2034 cap.
1496 1983 1578 2022 lxii.
1613 1989 1653 2022 et
1682 1982 1883 2022 Eusebius
1911 1982 1983 2021 lib.
2014 1993 2074 2022 VI.
2107 1995 2195 2035 cap.
2229 1983 2284 2022 xi.

242 2039 477 2077 Alexander
505 2051 614 2090 papa
1068 2037 1238 2075 P2atina.

240 2092 482 2130 Ambrosius
1070 2090 1263 2128 Paulinus
1292 2090 1332 2128 N
1337 2090 1445 2128 olan.
1475 2089 1585 2141 apud
1615 2088 1913 2128 Mombritium.

239 2146 465 2184 Anacletus
1068 2143 1239 2182 Platina.

239 2199 428 2238 Andreas
1065 2197 1213 2235 Matth.
1249 2196 1301 2236 iv.
1343 2196 1497 2236 18—20
1524 2202 1564 2235 et
1599 2195 1740 2234 Codex
1768 2195 2058 2247 Apocryphus,
2095 2195 2302 2235 Historiae

1123 2250 1404 2302 Apostolicae.

238 2306 362 2344 Anna

237 2359 446 2397 Antherus
1067 2355 1240 2395 Platina.

238 2412 444 2451 Antonius
471 2411 599 2450 abbas
1065 2409 1314 2449 Athanasius
1342 2409 1452 2461 apud
1481 2410 1656 2449 Surium.

238 2465 446 2504 Antonius
473 2464 679 2504 confessor
1068 2463 1211 2502 Lectio
1240 2476 1289 2502 ex
1319 2464 1439 2502 Brev.
1471 2463 1594 2501 Rom.
1626 2463 1718 2502 Vet.

238 2519 465 2570 Apollonia
1069 2516 1283 2564 Eusebius,
1316 2517 1388 2554 lib.
1418 2527 1481 2555 VI.
1511 2530 1600 2567 cap.
1630 2516 1736 2555 xxxi.

240 2571 490 2623 Apollonius
1068 2570 1283 2618 Eusebius,
1316 2571 1388 2608 lib.
1419 2580 1461 2608 V.
1493 2583 1582 2621 cap.
1613 2570 1694 2608 xxi.

238 2625 479 2677 Assumptio
508 2624 688 2676 Virginis
1068 2624 1310 2671 Bernardus,
1344 2624 1386 2661 in
1415 2624 1708 2674 Assumptione
1740 2623 1884 2662 Sermo
1915 2623 1949 2662 Ι.
1985 2636 2016 2662 1.

237 2679 422 2718 Asterius
1067 2677 1280 2722 Eusebius,
1312 2677 1383 2715 lib.
1413 2686 1495 2715 V11.
1527 2690 1615 2728 cap.
1646 2677 1726 2715 xiv.

235 2732 485 2772 Athanasius
1066 2731 1280 2778 Eusebius,
1314 2731 1383 2770 lib.
1419 2740 1463 2768 x.
1494 2743 1613 2782 capp.
1644 2730 1754 2778 xvii„
1789 2729 1940 2770 xxxiiii.

238 2786 492 2838 Augustinus
1068 2784 1342 2823 Mombritius.

237 2892 446 2931 Barnabas
1064 2891 1160 2930 Act.
1190 2891 1337 2941 Apost.
1368 2890 1420 2928 iv.
1452 2889 1514 2940 36,
1551 2901 1623 2940 373
1654 2890 1706 2929 xi.
1729 2903 1910 2941 22—303
1939 2889 2007 2928 xii.
2039 2890 2228 2941 25—xiii.
2250 2905 2298 2940 4;

237 2999 574 3038 Bartholomaeus
1116 2958 1181 2982 XV·
1212 2956 1277 2995 39·

236 3052 409 3091 Basilius
1065 3051 1175 3089 Ado.

236 3105 481 3144 Benedictus
731 3142 739 3148 ,
1065 3105 1236 3155 Gregor.
1269 3104 1328 3141 M.
1359 3117 1408 3142 ex
1437 3103 1542 3141 libro
1574 3113 1621 3142 11.
1656 3103 1937 3155 Dialogorum.

238 3159 467 3198 Bernardus

237 3212 412 3251 Bibiana
1063 3210 1188 3248 Ado?

237 3265 396 3304 Blasius
1066 3262 1341 3301 Mombritius.

237 3320 525 3358 Bonaventura
1064 3317 1207 3355 Lectio
1235 3330 1285 3355 ex
1316 3317 1433 3355 Brev.
1466 3317 1587 3355 Rom.
1619 3317 1713 3355 Vet.

238 3425 361 3465 Caius
1066 3422 1238 3461 Platina.

237 3478 430 3518 Callistus
1064 3476 1238 3514 Platina.

236 3532 443 3572 Cathedra
473 3531 581 3570 Petri
1059 3529 1209 3567 Matth.
1249 3528 1328 3567 xvi.
1375 3529 1434 3577 18,
1482 3541 1551 3580 193
1600 3529 1714 3567 Ioan.
1755 3529 1833 3568 xxi.
1883 3538 2033 3580 15—-17
2075 3536 2116 3569 et
2154 3529 2298 3570 Codex

1118 3582 1406 3633 Apocryphus,
1430 3582 1639 3622 Historiae
1659 3582 1939 3633 Apostolicae.

237 3637 457 3678 Catherina

237 3691 393 3732 Cecilia
466 3741 468 3743 Ι
1067 3688 1341 3728 Mombritius.
