2606 4126
1092 269 1304 310 MAJUS.

177 367 360 428 Terra,
425 373 641 434 pontuS,
693 365 844 428 astra,
909 366 1160 424 munduS,

179 438 306 505 Quo
331 437 584 489 lauantur
609 436 844 488 flumine.

251 507 402 560 Crux
419 507 595 559 fidelis
614 508 754 558 inter
770 524 960 558 omnes
978 506 1163 557 Arbor

176 595 284 629 vna
321 579 518 630 nobilis
552 597 562 629 :
597 578 765 629 Nulla
803 578 955 644 sylua
993 577 1160 628 talem

177 649 380 715 profert
409 649 640 710 Fronde,
669 648 844 711 Flore,
870 648 1128 702 Germine
1152 667 1162 698 τ

179 719 355 770 Dulce
421 720 645 786 lignum,
709 719 896 770 dulces
959 718 1161 779 claUOS‚

180 790 355 841 Dulce
381 791 596 856 pondus
624 790 856 841 sustinet.

250 862 295 912 F
298 859 438 913 lecte
458 878 638 912 ramos
658 861 819 911 arbor
838 859 964 920 alta,
982 859 1160 910 Tensa

176 931 308 983 laxa
341 931 577 983 viscera:
614 931 687 982 Et
723 932 867 998 rigor
901 931 1161 982 lentescat

177 1003 281 1063 ille,
308 1001 507 1069 -Quem
551 1003 704 1057 dedit
749 1003 1006 1053 natiuitas
1053 1019 1064 1053 ε
1103 1009 1162 1052 vt

176 1073 386 1140 superni
405 1073 649 1124 membra
666 1074 807 1139 regis
826 1074 949 1124 Miti
968 1074 1161 1124 tendas

179 1145 372 1210 stipite.

248 1215 378 1267 Sola
404 1216 572 1281 digna
598 1222 658 1266 tu
685 1215 826 1266 fuisti
857 1216 1018 1266 Ferre
1040 1215 1160 1266 secli

176 1286 415 1352 precium
446 1306 456 1337 ε
481 1286 671 1353 Atque
705 1295 923 1353 portum
952 1303 1160 1352 praepa-

178 1374 294 1408 rare
345 1358 532 1408 Nauta
581 1359 790 1409 mundo
835 1357 1100 1423 naufrago
1147 1376 1158 1408 :

177 1427 358 1494 Quem
378 1428 521 1479 sacer
537 1446 693 1479 cruor
711 1429 972 1496 perunxit
991 1428 1161 1479 Fusus

177 1500 306 1566 agni
334 1517 572 1566 corpore.

250 1571 449 1633 Gloria,
466 1579 520 1622 et
547 1571 722 1621 honor
747 1571 851 1621 deo
868 1571 1162 1638 Vsquequo

177 1641 439 1693 altissimo.
550 1642 676 1692 Vna
732 1643 887 1708 patri,
942 1642 1162 1708 filioque

179 1713 394 1779 Inclyto
419 1713 697 1780 paracleto
724 1714 827 1765 Cui
856 1714 972 1764 laus
999 1714 1087 1774 est,
1109 1722 1162 1763 et

177 1784 417 1850 potestas
482 1786 583 1835 Per
645 1784 908 1835 immensa
972 1784 1158 1835 secula.

179 1854 382 1906 Amen.

483 2022 662 2074 Lec‘Zz'o
689 2023 858 2074 tertia.

310 2132 485 2184 Elena
560 2133 906 2185 Constantini
989 2140 1164 2184 mater

335 2204 528 2254 mulier
565 2204 825 2270 religione
863 2212 917 2255 et
957 2206 1163 2271 pietate

177 2274 381 2340 insigni,
423 2275 731 2326 diuinarum
772 2293 948 2326 rerum
988 2275 1162 2326 studio

177 2343 549 2412 nocturnoque
592 2347 703 2397 visu
755 2347 983 2413 impulsa
1027 2347 1161 2397 iero-

176 2416 438 2482 solymam
488 2435 553 2468 eo
604 2418 822 2468 nomine
880 2417 1053 2484 petijt,
1104 2427 1162 2469 vt

176 2488 510 2538 dominicam
592 2496 856 2554 quaereret
930 2506 1160 2550 crucem,

173 2558 323 2609 vnde
356 2559 598 2610 humana
633 2560 770 2610 salus
809 2561 1159 2626 pependisset.

177 2629 288 2680 Vbi
315 2638 499 2681 autem
535 2631 654 2681 haec
687 2631 890 2682 defossa
925 2639 1056 2692 erat,
1087 2633 1160 2683 ibi

176 2717 248 2751 ex
269 2701 527 2752 industria
548 2702 723 2753 fuerat
743 2704 954 2753 veneris
982 2703 1160 2753 simul-

177 2771 401 2823 achrum
452 2773 802 2824 constitutum
855 2774 924 2825 ab
975 2775 1159 2841 impijs

173 2841 302 2894 fidei
364 2843 810 2910 persecutoribuS,
874 2853 933 2896 vt
995 2846 1159 2896 omne

175 2915 464 2965 dominicae
479 2916 729 2981 passionis
740 2924 1158 2968 monumentum

177 2984 497 3037 aboleretur.
538 2986 611 3037 Et
630 2987 664 3037 fi
682 2988 800 3053 quis
825 2987 1158 3039 Christianus

172 3072 243 3106 eo
281 3056 402 3107 loco
443 3057 710 3109 Christum
749 3059 1017 3122 adoraret,
1051 3060 1158 3110 Ve-

177 3143 360 3178 nerem
396 3127 696 3179 videretur¹
723 3130 962 3181 adorare.
1041 3131 1161 3182 Cae-

175 3205 351 3249 terum
398 3199 715 3250 simulachro
760 3201 886 3251 inde
931 3200 1157 3263 deiefflm,

177 3268 408 3335 locoque
429 3271 711 3321 ruderibus
733 3278 982 3337 purgat0‚
1005 3273 1157 3324 Crux

176 3348 390 3406 reperta
416 3340 490 3391 est
513 3361 523 3392 ε
561 3349 615 3392 et
641 3359 766 3392 cum
794 3360 858 3393 ea
885 3343 1008 3393 duae
1036 3344 1157 3394 alife

175 3409 448 3471 subrutae2,
470 3413 614 3463 vnde
643 3412 753 3462 duo
781 3415 1157 3480 pependerant

261 3591 284 3618 ¹·
307 3593 569 3636 viderentur
598 3609 606 3636 :
631 3596 676 3637 P.

261 3650 277 3676 2
308 3651 487 3695 subrate
516 3666 524 3694 ε
551 3654 598 3693 P.

257 3707 274 3733 3
305 3708 380 3750 die
401 3721 482 3751 .22.
501 3710 557 3751 jn
582 3725 636 3753 m.
663 3712 716 3752 V.

321 3791 366 3831 B.
388 3792 444 3833 N.

2137 268 2235 319 129

1250 362 1501 414 latrones,
1543 364 1653 416 Sed
1689 364 2019 415 obturbabat
2054 381 2230 432 reper-

1249 435 1289 485 ti
1318 434 1554 484 muneris
1590 433 1868 485 laetitiam³
1908 435 2231 486 vniuscuius-

1248 521 1354 570 que
1389 505 1561 555 crucis
1596 505 1880 557 indiscreta
1915 507 2231 571 proprietas,

1248 575 1462 625 Aderat
1513 577 1734 642 quidem
1787 584 1842 627 et
1886 576 2076 627 titulus
2128 575 2232 636 ille,

1249 646 1341 711 qui
1376 646 1641 707 hebraice,
1682 664 1873 713 graece,
1911 655 1967 697 et
2003 647 2172 698 latine
2201 646 2233 697 a

1250 716 1426 768 Pilato
1453 717 1627 768 fuerat
1654 717 1999 784 conscrithS,
2023 718 2110 768 sed
2135 735 2233 769 nec

1246 787 1357 853 ipse
1431 788 1555 838 satis
1619 789 1899 839 euidenter
1971 789 2231 840 dominici

1247 858 1514 924 prodebat
1541 858 1686 925 signa
1714 859 1959 926 patibuli.
2027 860 2233 910 Diuino

1248 936 1430 980 autem
1469 930 1731 981 miraculo
1767 948 1900 980 mox
1931 930 2232 991 consecuto,

1248 1001 1426 1050 omnis
1478 1001 1690 1066 prorsus
1736 1001 2068 1068 ambiguitas
2114 1001 2234 1052 sub-

1249 1070 1361 1122 lata
1412 1071 1499 1123 est.
1576 1072 1716 1123 Cum
1763 1073 1909 1122 enim
1959 1072 2233 1123 Macarius

1250 1141 1734 1208 Ierosolymitanus
1780 1143 2061 1209 episcopus
2107 1143 2231 1193 fufis

1247 1213 1317 1263 ad
1345 1214 1508 1264 deum
1532 1215 1782 1279 precibus
1803 1223 1862 1265 vt
1880 1215 1933 1264 id
1954 1214 2233 1275 reuelaret,

1247 1284 1437 1334 frustra
1463 1284 1599 1335 duas
1628 1285 1795 1335 nobili
1817 1286 2033 1336 cuidam
2058 1285 2233 1335 foemi-

1249 1371 1333 1405 nae
1380 1355 1544 1422 longa
1594 1357 1917 1422 aegritudine
1968 1354 2231 1407 confcdtae

1248 1434 1303 1477 et
1348 1427 1456 1476 iam
1501 1444 1671 1494 prope
1721 1425 1994 1478 desum-‘tae
2040 1429 2233 1478 admo-

1251 1496 1430 1548 uisset4
1473 1518 1483 1548 ε
1531 1500 1756 1549 admota
1802 1500 1964 1549 tertia
2009 1506 2235 1565 repente

1249 1569 1525 1634 adapertis
1570 1570 1739 1620 oculis
1785 1570 1978 1620 mulier
2018 1570 2232 1620 consur-

1250 1641 1407 1700 rexit,
1459 1648 1512 1691 et
1563 1641 1855 1692 stabilitate
1905 1642 2098 1692 virium
2152 1658 2232 1691 re-

1250 1719 1411 1776 cepta
1494 1711 1722 1762 alacrior
1806 1712 1979 1763 multo
2062 1729 2229 1778 quam

1248 1799 1373 1833 cum
1437 1782 1564 1834 sana
1626 1783 1813 1844 fuerat,
1884 1791 2002 1834 tota
2063 1784 2231 1834 domo

1249 1853 1551 1915 discurrere,
1603 1862 1658 1905 et
1727 1854 2079 1919 magnificare
2141 1855 2229 1905 dei

1248 1926 1550 1990 potentiam
1579 1926 1759 1991 coepit.
1828 1926 2043 1990 Helena
2070 1925 2233 1991 igitur

1249 1996 1489 2046 euidenti
1547 1995 1773 2047 indicio⁵
1834 1999 1946 2047 voti
2005 2014 2231 2063 compos

1249 2064 1802 2133 facta,templum,vbi
1822 2085 2034 2119 crucem
2055 2085 2232 2133 reper-

1248 2146 1365 2189 erat
1394 2156 1404 2189 :
1433 2138 1719 2204 magnifice
1745 2139 2064 2189 construxit.
2122 2139 2231 2190 Ibi-

1248 2226 1354 2275 que
1381 2217 1592 2275 partem
1619 2211 1790 2260 crucis
1818 2209 2034 2276 reliquit
2059 2210 2231 2261 thecis

1247 2281 1520 2346 argenteis
1547 2281 1853 2332 conclusam
1882 2289 2094 2347 partem
2121 2281 2232 2332 filio

1247 2351 1456 2402 detulit.
1520 2353 1688 2404 Cuius
1716 2370 1840 2418 pars
1867 2352 2051 2418 postea
2078 2370 2232 2419 repo-

1246 2422 1340 2472 sita
1367 2422 1468 2473 fuit
1497 2424 1692 2473 Romae
1719 2425 1773 2473 in
1795 2425 1914 2474 aede
1936 2423 2233 2484 sessoriana,

1246 2510 1368 2558 quae
1398 2492 1616 2545 Sanffi‘oee
1643 2495 1813 2545 crucis
1846 2496 1899 2545 in
1941 2494 2231 2546 Ierusalem

1247 2573 1563 2631 nuncupata
1613 2566 1701 2616 est.
1805 2566 2015 2616 Attulit
2066 2567 2233 2617 etiam

1246 2635 1430 2686 clauos
1458 2644 1582 2698 treS,
1604 2637 1800 2703 quibus
1823 2637 2015 2689 Christi
2037 2655 2234 2704 corpus

1245 2706 1420 2758 fuerat
1469 2708 1712 2760 affixum.
1823 2708 2073 2776 Quorum
2125 2727 2233 2760 vno

1247 2777 1635 2830 Constantinus
1699 2797 1798 2845 pro
1869 2779 2110 2831 amuleto
2175 2781 2229 2831 in

1245 2866 1384 2900 cono
1422 2850 1595 2916 galeae
1632 2851 1755 2901 vsus
1808 2851 1895 2902 est.
1972 2851 2230 2902 Alterum

1244 2921 1441 2971 deiecit
1476 2923 1530 2971 in
1567 2939 1716 2972 mare
1755 2923 1824 2973 ad
1861 2922 2066 2973 foedam
2094 2930 2234 2973 tem-

1243 2991 1509 3057 pestatem
1537 2993 2006 3059 compescendam.
2084 2994 2232 3044 Reli-

1244 3079 1415 3128 quum
1479 3063 1696 3114 inseruit
1766 3063 2044 3114 bellatoris
2107 3066 2231 3131 equi

1244 3133 1410 3195 frenO,
1451 3142 1692 3185 veterem
1735 3134 2085 3201 prophetiam
2137 3137 2232 3186 ad-

1245 3204 1491 3270 implenS,
1528 3206 1659 3256 olim
1686 3206 1832 3256 enim
1861 3206 1927 3256 sic
1956 3205 2233 3257 zacharias

1245 3276 1512 3341 propheta
1548 3276 1894 3338 clamauerat,
1923 3277 2043 3327 Erit
2083 3278 2231 3343 quod

1246 3346 1402 3412 super
1443 3347 1656 3397 frenum
1702 3348 1824 3413 equi
1868 3348 1942 3398 est
1988 3347 2231 3399 santftum

1244 3417 1484 3469 domino.
1536 3418 1643 3485 Qui
1663 3418 2034 3470 constantinus
2053 3419 2232 3485 legem

1330 3598 1346 3624 ⁴
1377 3599 1676 3643 admonuisset
1706 3602 1789 3643 :A.

1332 3656 1348 3682 ⁵
1382 3658 1549 3700 iudicio
1580 3674 1587 3701 :
1616 3660 1660 3701 P.

2056 3803 2089 3851 9
