2606 4126
661 221 961 261 OFFICIVM
992 219 1227 260 BEATAE
1264 220 1492 261 MARJAE
1541 224 1821 264 VIRGlNlS.

168 351 170 354 ,
209 313 460 364 mertium
507 316 715 365 mundo
761 315 1005 381 praebuit.
1082 314 1191 364 De-

207 383 368 449 nique
403 391 614 436 tantum
649 385 700 436 se
725 386 794 436 ad
827 385 950 436 coeli
987 384 1194 449 fastigia

208 452 522 515 subleuauit,
567 465 626 507 vt
670 457 896 507 verbum
948 456 1001 506 in
1047 455 1191 521 prin-

206 525 349 590 cipio
376 527 520 592 apud
542 527 706 577 deum
727 527 796 577 de
820 527 1047 592 superna
1068 525 1190 576 coeli

206 611 328 646 arce
367 596 662 663 susciperet.
741 597 792 650 O
829 597 961 647 felix
1002 597 1193 654 Maria,

209 673 262 715 et
325 667 473 717 omni
530 667 691 718 laude
746 669 1064 734 dignissima.
1140 667 1189 718 O

206 737 359 803 virgo
403 739 489 788 dei
531 739 768 804 genitrix
815 738 1060 805 gloriosa.
1138 738 1188 789 O

207 806 444 858 sublimis
488 826 753 876 puerpera
792 810 943 860 cuius
983 809 1190 860 visceri-

205 878 306 928 bus
345 877 535 930 auCtor
567 879 705 941 coeli,
740 887 1005 947 terraeque
1043 896 1189 930 com-

115 1014 120 1019 -
207 950 452 1001 mittitur.

204 1070 260 1127 ΙΙ
314 1068 366 1118 Α
422 1069 619 1135 pafiha
681 1049 837 1136 osque
893 1068 972 1120 ad
1012 1077 1190 1134 pente-

270 1139 428 1206 costen
471 1141 615 1191 [(3έῖιό
659 1140 816 1192 tertia
858 1157 922 1191 ex
946 1139 1190 1205 sermone

260 1211 444 1275 sandi
465 1211 746 1262 Bernardz'.

209 1302 494 1407 Slgnum
535 1321 794 1371 magnum
835 1306 1086 1370 apparuit
1133 1305 1185 1354 in

328 1375 498 1426 coelo:
527 1376 720 1426 mulier
744 1373 946 1427 amicta
972 1375 1079 1426 sole
1102 1383 1186 1426 :et

204 1445 331 1496 luna
363 1446 459 1498 sub
492 1447 722 1513 pedibus
749 1448 863 1497 eius
892 1466 902 1497 ε
927 1454 982 1497 et
1017 1448 1069 1497 in
1099 1464 1184 1497 ca-

202 1517 315 1583 pite
354 1518 468 1569 eius
506 1535 706 1569 corona
743 1517 1014 1569 stellarum
1050 1519 1183 1569 duo·

201 1588 391 1639 decim.
450 1588 821 1640 Vehementer
839 1590 1060 1655 quidem
1089 1606 1185 1640 no-

201 1659 284 1710 bis
310 1658 630 1711 dile&iffimi
650 1662 731 1712 vir
748 1677 886 1711 vnus
913 1669 966 1711 et
994 1660 1186 1711 mulier

200 1748 308 1783 vna
352 1749 585 1782 nocuere
631 1750 642 1782 :
687 1732 775 1782 sed
826 1732 1029 1798 gratias
1080 1732 1184 1782 deo

199 1820 296 1869 per
319 1820 487 1854 vnum
514 1803 864 1854 nihilominus
890 1804 1060 1853 virum
1094 1822 1104 1853 :
1133 1810 1187 1853 et

202 1874 480 1925 mulierem
532 1891 709 1940 Vnam·
748 1875 933 1924 omnia
989 1874 1185 1924 restau-

200 1944 408 1996 rentur¹
435 1965 446 1996 :
473 1962 571 1996 nec
606 1945 712 1996 fine
740 1962 940 2012 magno
979 1945 1186 1996 foenore

199 2019 512 2084 gratiarum.
613 2017 808 2083 Neque
858 2017 1003 2067 enim
1057 2017 1185 2067 s1cut

199 2087 500 2149 dile&um²,
549 2089 625 2139 ita
675 2096 728 2139 et
778 2089 985 2139 donum
1035 2106 1045 2138 ε
1096 2088 1183 2138 sed

199 2160 421 2211 excedit
501 2160 688 2211 damni
770 2159 1182 2210 aestimationem

199 2231 445 2296 beneficij
487 2232 823 2297 magnitudo,
901 2230 992 2282 Sic
1027 2231 1183 2280 nimi-

199 2320 318 2354 rum
346 2303 780 2370 prudentissimus
802 2310 856 2353 et
882 2302 1183 2353 clementis-

199 2375 359 2425 fimus
399 2374 599 2425 artifex
638 2392 649 2424 :
687 2374 833 2440 quod
880 2373 1182 2439 quassatum

200 2446 375 2497 fuerat
409 2462 518 2497 non
546 2445 811 2511 confregit
840 2464 850 2495 ε
879 2445 967 2495 sed
999 2444 1181 2495 Vtilius

198 2518 423 2569 omnino
441 2517 625 2568 refecit
649 2524 735 2567 :vt
751 2515 1004 2567 videlicet
1025 2516 1181 2566 nobis

198 2607 403 2640 nouum
439 2589 697 2639 formaret
722 2586 910 2638 Adam
938 2604 1010 2637 ex
1035 2595 1182 2638 vete-

197 2662 238 2711 ri
284 2681 294 2712 :
343 2669 397 2724 et
449 2660 628 2710 Euam
679 2658 1076 2709 transfunderet
1125 2659 1180 2709 in

199 2733 444 2783 Mariam.
541 2732 614 2781 Et
664 2731 885 2797 quidem
946 2729 1181 2780 sufficere

195 2811 410 2870 poterat
461 2801 716 2864 Christu5‚
765 2801 800 2851 s1
851 2802 1073 2868 quidem
1125 2810 1180 2852 et

197 2892 339 2926 nunc
395 2875 574 2925 omnis
632 2872 946 2924 sufficientia
1002 2872 1180 2923 nostra

196 2964 268 2998 ex
295 2963 360 2997 eo
387 2946 462 2997 est
490 2964 500 2996 :
526 2944 615 2995 sed
652 2945 809 2995 nobis
835 2944 1040 2994 bonum
1069 2961 1177 2994 non

194 3025 310 3070 erat
340 3017 444 3068 esse
468 3016 746 3067 hominem
775 3015 958 3065 solum.
1035 3015 1178 3066 Con-

194 3106 389 3156 gruum
429 3088 618 3153 magiS‚
651 3094 710 3138 vt
747 3087 949 3137 adesset
988 3086 1178 3136 nostrae

195 3160 522 3227 reparationi
559 3158 716 3208 sexus
750 3165 973 3223 vterque
1001 3176 1011 3207 :
1046 3174 1179 3223 quo-

195 3249 313 3283 rum
341 3230 672 3296 corruptioni
700 3236 890 3279 neuter
915 3228 1173 3279 defuisset.

197 3303 400 3354 Fidelis
427 3301 589 3368 plane
609 3308 663 3351 et
689 3308 884 3366 potens
913 3300 1181 3349 mediator

194 3375 282 3425 dei
309 3381 364 3425 et
394 3373 678 3424 hominum
707 3390 717 3421 z
743 3371 910 3422 homo
938 3370 1179 3422 Christus

282 3506 297 3533 ¹
329 3507 662 3549 restaurantur:
688 3505 744 3546 R.
763 3504 810 3546 P.
834 3504 888 3546 A.

280 3564 297 3590 2
329 3562 547 3607 delictum
572 3579 581 3606 z
607 3564 658 3605 R.
687 3563 732 3604 P.
758 3562 810 3605 A.

283 3623 301 3650 3
331 3623 393 3665 est
417 3637 425 3664 :
448 3635 532 3663 om.
559 3622 608 3663 P.
632 3622 685 3662 A.

282 3679 299 3707 4
328 3693 409 3736 per
429 3694 437 3722 :
457 3693 542 3736 om.
567 3679 620 3721 A.

2166 216 2263 277 189

1281 314 1426 365 Iesus
1465 336 1474 366 :
1514 317 1600 368 sed
1637 319 1879 370 diuinam
1919 321 1972 371 in
2013 338 2077 372 eo
2113 340 2262 375 reue-

1280 393 1463 436 rentur
1487 387 1735 439 homines
1764 390 2112 453 maiestatem.

1350 456 1505 522 Opus
1540 457 1639 509 est³
1673 461 1816 510 enim
1856 463 2156 515 mediatore
2189 466 2259 517 ad

1279 528 1634 579 mediatorem
1696 530 1850 581 istum
1908 548 1920 582 :
1971 549 2070 584 nec
2125 535 2262 587 alter

1277 597 1432 648 nobis
1458 599 1638 650 vtilior
1663 617 1828 666 quam
1863 603 2050 655 Maria.
2127 606 2260 658 Cru-

1277 667 1412 718 delis
1458 670 1711 721 nimirum
1766 672 1885 722 Eua
1933 672 2051 739 per⁴
2093 693 2257 742 quam

1275 738 1489 805 serpens
1507 741 1762 806 antiquus
1778 743 2082 808 pestiferum
2095 748 2258 798 etiam

1275 809 1368 875 ipfi
1395 811 1509 862 viro
1535 813 1678 863 virus
1706 814 1903 865 infudit
1928 834 1937 865 :
1969 816 2055 866 sed
2083 817 2258 869 fidelis

1277 881 1451 932 Maria
1487 899 1608 948 quae
1645 883 1826 935 salutis
1862 887 2170 939 antidotum
2204 898 2258 941 et

1274 952 1401 1002 viris
1451 961 1505 1003 et
1566 955 1879 1007 mulieribus
1932 960 2256 1024 propinauit.

1276 1022 1378 1073 Illa
1416 1025 1561 1075 enim
1604 1026 1842 1078 ministra
1882 1027 2207 1081 seduffitionis
2247 1050 2258 1083 ε

1272 1092 1389 1144 haec
1411 1097 1822 1161 propitiationis,
1890 1099 1991 1150 Illa
2012 1100 2258 1167 suggeffit

1271 1168 1773 1230 praeuaricationem
1825 1186 1836 1221 :
1883 1170 1999 1221 haec
2051 1173 2258 1224 iniecit⁵

1273 1238 1719 1304 redemptionem.

1270 1352 1325 1408 (I
1363 1350 1412 1399 Α
1448 1354 1721 1420 pentecoste
1756 1355 1911 1420 vsque
1944 1357 2022 1406 ad
2055 1358 2255 1409 natiui-

1323 1429 1500 1556 jatem
1521 1424 1592 1473 M
1591 1426 1725 1476 arz‘oe
1747 1427 1983 1492 virginis
2006 1446 2069 1478 ex
2083 1430 2255 1481 eodem

1360 1510 1574 1545 ermom.

1268 1583 1718 1687 AMplectamur
1781 1589 1970 1640 Mariae
2032 1591 2254 1659 vestigia

1408 1657 1598 1708 fratres
1641 1659 1745 1709 mei
1779 1679 1788 1709 :
1824 1668 1878 1711 et
1916 1662 2253 1714 deuotiffima

1268 1727 1657 1795 supplicatione
1674 1731 1847 1781 beatis
1864 1732 2005 1783 illius
2022 1734 2253 1799 pedibus

1268 1799 1666 1865 prouoluamur.
1743 1802 2052 1854 Teneamus
2087 1822 2208 1856 eam
2243 1826 2252 1856 :

1269 1887 1367 1921 nec
1401 1872 1742 1923 dimittamus
1779 1875 1952 1925 donec
1992 1875 2253 1928 benedix-

1269 1943 1368 1992 erit
1432 1944 1602 1994 nobiS.
1703 1946 1902 1996 Potens
1959 1946 2033 1997 est
2092 1949 2249 1999 enim.

1271 2014 1485 2080 Nempe
1519 2014 1688 2066 vellus
1724 2016 1798 2067 est
1838 2017 2077 2068 medium
2114 2019 2255 2070 inter

1269 2102 1443 2135 rorem
1489 2094 1543 2136 et
1587 2103 1769 2138 aream
1818 2107 1828 2138 ε
1878 2089 2072 2139 mulier
2114 2090 2254 2141 inter

1268 2156 1433 2207 solem
1485 2167 1540 2207 et
1592 2157 1778 2209 lunam
1826 2178 1834 2209 :
1887 2160 2065 2211 Maria
2115 2162 2255 2212 inter

1268 2227 1538 2279 Christum
1567 2237 1621 2280 et
1648 2230 1922 2281 ecclefiam
1950 2231 2253 2294 constituta,

1268 2298 1379 2351 Sed
1407 2299 1545 2351 forte
1572 2301 1780 2351 miraris
1807 2319 1917 2352 non
1944 2310 2057 2353 tam
2083 2303 2253 2355 vellus

1266 2378 1516 2436 opertum
1563 2389 1680 2422 rore
1728 2389 1739 2423 ε
1783 2390 1949 2439 quam
1995 2372 2251 2426 amictam

1267 2441 1373 2492 sole
1401 2442 1696 2494 mulierem.
1762 2445 1969 2511 Magna
1993 2445 2251 2512 siquidem

1266 2513 1606 2565 familiaritas
1652 2534 1662 2565 :
1708 2515 1795 2566 sed
1848 2517 1984 2566 mira
2028 2518 2252 2570 omnino

1267 2585 1516 2636 vicinitas
1543 2586 1665 2636 solis
1692 2595 1747 2638 et
1773 2587 2026 2639 mulieris.
2100 2587 2255 2655 Quo-

1267 2657 1432 2707 modo
1453 2659 1669 2708 enimin
1691 2665 1804 2709 tam
1822 2659 2130 2710 vehementi
2151 2661 2254 2711 fer-

1265 2744 1415 2778 uore:
1432 2737 1545 2779 tam
1565 2729 1767 2795 fragilis
1786 2737 1978 2780 natura
1994 2730 2252 2783 subfistit?

1266 2799 1466 2850 Merito
1487 2801 1709 2866 quidem
1730 2801 2011 2852 admiraris
2035 2801 2251 2868 Moyses

1264 2869 1459 2934 san5³oe,
1481 2881 1536 2923 et
1561 2870 1838 2922 curioslus⁶
1858 2872 2146 2939 desyderas
2173 2874 2252 2924 in-

1264 2943 1415 2996 tueri.
1472 2943 1847 2995 Veruntamen
1875 2943 2019 2994 solue
2045 2944 2250 2995 calcea-

1266 3021 1451 3064 menta
1485 3015 1553 3066 de
1586 3015 1817 3081 pedibus
1853 3016 1975 3075 tuiS‚
2009 3023 2063 3065 et
2098 3016 2250 3067 inuo-

1266 3085 1413 3135 lucra
1451 3102 1594 3152 pone
1629 3086 1924 3137 carnalium
1965 3087 2250 3152 cogitatio-

1266 3173 1410 3217 num,
1478 3157 1513 3207 fi
1582 3158 1840 3207 accedere
1907 3158 2250 3223 concupiscis

1264 3228 1426 3278 Vado
1447 3228 1670 3295 (inquit)
1692 3236 1745 3278 et
1772 3228 1970 3278 videbo
1995 3228 2249 3279 vislonem

1265 3299 1407 3349 hanc
1457 3316 1732 3365 magnam.
1826 3299 2032 3365 Magna
2087 3300 2250 3365 plane

1263 3369 1390 3421 vifio
1425 3368 1614 3421 rubus⁷
1639 3371 1834 3421 ardens
1870 3370 1975 3420 fine
2007 3371 2252 3421 combus-

1353 3503 1370 3528 ⁵
1402 3503 1576 3559 ingesfit
1598 3520 1606 3548 :
1632 3506 1676 3548 P.

1356 3556 1373 3582 ⁶
1402 3562 1633 3605 curiosus:
1663 3565 1710 3605 P.

1356 3618 1372 3646 ⁷
1404 3620 1606 3663 rubens:
1638 3622 1689 3662 A.
