2606 4126
645 223 947 264 OFFICIVM
978 221 1213 261 BEATAE
1250 220 1477 260 MARJAE
1524 220 1807 260 VIRGINIS.

246 319 472 386 Reliqua
507 326 685 371 autem
721 318 859 370 anni
892 325 1128 383 tempore.

583 423 784 475 Oratio,

207 527 465 627 BEatae,
499 535 554 579 et
589 527 834 594 gloriosae
868 527 1184 594 semperque

317 599 540 664 virginis
552 598 741 650 Mariae
759 598 1068 665 quaesumus
1085 598 1183 648 do-

195 668 341 719 mine
367 669 664 720 interceffio
686 668 917 736 gloriosa
938 686 1035 719 nos
1062 685 1184 735 pro-

191 747 343 805 tegat
361 759 371 790 ε
389 747 444 791 et
465 741 535 791 ad
554 741 723 791 vitam
745 741 1008 806 perducat
1028 746 1183 789 aeter-

195 827 323 861 nam
352 829 363 862 t
388 827 486 877 per
511 811 812 863 dominum.

224 1015 281 1073 {I
320 1012 424 1064 Ad
455 1012 689 1079 vesperas.
710 1012 922 1079 sbmper
953 1011 1167 1063 dicitur.

551 1131 623 1182 H
605 1149 824 1198 ymnus.

273 1235 358 1287 Ve
408 1236 573 1286 maris
628 1236 795 1297 stella,
845 1236 950 1286 Dei
1010 1243 1186 1286 mater

333 1306 480 1357 alma
510 1323 521 1358 ε
547 1306 739 1374 Atque
774 1307 984 1374 semper
1013 1308 1183 1374 virg0‚

195 1378 352 1429 Felix
378 1378 503 1429 coeli
536 1387 707 1444 porta.

268 1449 505 1502 Sumens
523 1449 656 1500 illud
675 1467 777 1501 aue
795 1449 1063 1502 Gabrielis
1081 1467 1188 1510 ore,

2155 214 2247 267 19¹

1270 316 1463 367 Funda
1490 333 1589 366 nos
1616 315 1669 365 in
1698 332 1847 381 pace,
1869 314 2093 365 Mutans
2118 313 2254 365 Euae

1267 403 1483 438 nomen.

1342 456 1509 509 Solue
1528 456 1708 507 vincla
1732 456 1848 517 reiS‚
1870 454 2053 506 Profer
2072 454 2254 506 lumen

1268 527 1424 579 caecis
1462 544 1473 578 :
1510 527 1659 577 Mala
1695 526 1871 577 nostra
1907 525 2063 592 pelle,
2102 527 2255 577 Bona

1268 596 1465 649 cuneta
1491 598 1663 664 posce.

1342 668 1582 720 Monstra
1599 676 1654 719 te
1671 667 1773 718 esse
1795 674 2040 728 matrem,
2060 666 2255 718 Sumat

1269 757 1365 806 per
1415 747 1470 790 te
1514 755 1700 806 preces
1747 758 1758 790 :
1803 737 1911 803 Qui
1957 754 2055 803 pro
2100 738 2256 788 nobis

1269 817 1431 861 natus
1457 810 1608 861 Tulit
1635 810 1739 860 esse
1764 817 1903 860 tuus,

1339 881 1511 947 Virgo
1551 880 1843 946 fingulariS,
1879 879 2030 930 Inter
2066 896 2255 930 omnes

1270 952 1417 1003 mitis
1449 971 1460 1002 ε
1495 952 1613 1002 Nos
1647 951 1820 1018 culpis
1855 950 2055 1001 solutos
2092 951 2257 1001 Mites

1270 1023 1370 1084 fae,
1397 1030 1452 1074 et
1477 1022 1662 1073 castos,
2088 1036 2090 1038 “

1341 1095 1531 1145 Vitam
1589 1092 1781 1160 praesta
1835 1096 2026 1158 puram
2081 1111 2091 1143 :
2147 1092 2258 1143 Iter

1270 1182 1402 1231 para
1433 1172 1612 1216 tutum
1641 1183 1651 1215 :
1676 1164 1755 1215 Vt
1778 1164 2026 1215 videntes
2062 1162 2255 1223 Iesum,

1271 1236 1480 1302 semper
1506 1235 1852 1287 collaetemur.

1298 1331 1305 1335 ·
1344 1308 1428 1359 Sit
1484 1307 1601 1357 laus
1657 1308 1761 1358 deo
1818 1305 1972 1372 patri,
2028 1305 2258 1357 Summo

1272 1378 1482 1430 Christo
1527 1380 1691 1429 decus
1740 1397 1751 1428 z
1803 1377 2028 1443 Spiritui
2074 1375 2258 1428 saneto

1270 1449 1470 1501 Tribus
1497 1449 1672 1500 honor
1696 1465 1848 1499 vnus,
1922 1447 2122 1499 Amen.

1135 1943 1313 1982 FJNJS.

785 2775 1118 2815 VENETIIS
1187 2774 1262 2814 IN
1334 2774 1671 2815 OFFICINA

824 2859 1139 2917 LucaeantOnij
1177 2863 1326 2905 Iuntae
1359 2861 1628 2905 Florentini.

896 2948 1034 2992 Anno
1067 2947 1258 2991 Domini
1290 2957 1556 2990 M.D.xxxv.

1056 3033 1213 3077 Mense
1248 3033 1393 3076 Iunio.
