<?xml version="1.0" encoding="UTF-8"?>
<!DOCTYPE html PUBLIC "-//W3C//DTD XHTML 1.0 Transitional//EN"
    "http://www.w3.org/TR/xhtml1/DTD/xhtml1-transitional.dtd">
<html xmlns="http://www.w3.org/1999/xhtml" xml:lang="en" lang="en">
 <head>
  <title>
</title>
<meta http-equiv="Content-Type" content="text/html;charset=utf-8" />
  <meta name='ocr-system' content='tesseract 3.04.00' />
  <meta name='ocr-capabilities' content='ocr_page ocr_carea ocr_par ocr_line ocrx_word'/>
</head>
<body>
  <div class='ocr_page' id='page_1' title='image "./secondrecensiono00cathuoft_0211.png"; bbox 0 0 2606 4126; ppageno 0'>
   <div class='ocr_carea' id='block_1_1' title="bbox 0 0 46 2410">
    <p class='ocr_par' dir='ltr' id='par_1_1' title="bbox 0 0 46 2410">
     <span class='ocr_line' id='line_1_1' title="bbox 0 0 46 2410; baseline 0 0"><span class='ocrx_word' id='word_1_1' title='bbox 0 0 46 2410; x_wconf 95' lang='lat' dir='ltr'><strong> </strong></span> 
     </span>
    </p>
   </div>
   <div class='ocr_carea' id='block_1_2' title="bbox 5 3103 34 3505">
    <p class='ocr_par' dir='ltr' id='par_1_2' title="bbox 5 3103 34 3505">
     <span class='ocr_line' id='line_1_2' title="bbox 5 3103 34 3505; textangle 90"><span class='ocrx_word' id='word_1_2' title='bbox 23 3502 26 3505; x_wconf 79' lang='grc'><em>,</em></span> <span class='ocrx_word' id='word_1_3' title='bbox 5 3213 32 3471; x_wconf 44' lang='lat' dir='ltr'><strong>man&lt;</strong></span> <span class='ocrx_word' id='word_1_4' title='bbox 8 3127 34 3199; x_wconf 32' lang='lat'><strong>,5-:2</strong></span> <span class='ocrx_word' id='word_1_5' title='bbox 18 3103 19 3106; x_wconf 59' lang='lat'><em>„</em></span> 
     </span>
    </p>
   </div>
   <div class='ocr_carea' id='block_1_3' title="bbox 1120 260 2326 316">
    <p class='ocr_par' dir='ltr' id='par_1_3' title="bbox 1120 260 2326 316">
     <span class='ocr_line' id='line_1_3' title="bbox 1120 260 2326 316; baseline -0.001 -14"><span class='ocrx_word' id='word_1_6' title='bbox 1120 260 1460 302; x_wconf 78' lang='lat' dir='ltr'><em>AUGUSTUS.</em></span> <span class='ocrx_word' id='word_1_7' title='bbox 2236 262 2326 316; x_wconf 82' lang='lat'><strong>151</strong></span> 
     </span>
    </p>
   </div>
   <div class='ocr_carea' id='block_1_4' title="bbox 273 358 1258 426">
    <p class='ocr_par' dir='ltr' id='par_1_4' title="bbox 273 358 1258 426">
     <span class='ocr_line' id='line_1_4' title="bbox 273 358 1258 426; baseline 0.001 -17"><span class='ocrx_word' id='word_1_8' title='bbox 273 360 344 410; x_wconf 90' lang='lat' dir='ltr'><strong>ris</strong></span> <span class='ocrx_word' id='word_1_9' title='bbox 375 358 450 410; x_wconf 90' lang='lat' dir='ltr'><strong>est</strong></span> <span class='ocrx_word' id='word_1_10' title='bbox 484 360 783 426; x_wconf 87' lang='lat' dir='ltr'><strong>antiquata,</strong></span> <span class='ocrx_word' id='word_1_11' title='bbox 808 368 862 412; x_wconf 87' lang='lat' dir='ltr'><strong>et</strong></span> <span class='ocrx_word' id='word_1_12' title='bbox 898 359 1173 419; x_wconf 88' lang='lat' dir='ltr'><strong>sancitum,</strong></span> <span class='ocrx_word' id='word_1_13' title='bbox 1198 365 1258 410; x_wconf 89' lang='lat' dir='ltr'><strong>vt</strong></span> 
     </span>
    </p>
   </div>
   <div class='ocr_carea' id='block_1_5' title="bbox 189 430 1256 498">
    <p class='ocr_par' dir='ltr' id='par_1_5' title="bbox 189 430 1256 498">
     <span class='ocr_line' id='line_1_5' title="bbox 189 430 1256 498; baseline 0.001 -19"><span class='ocrx_word' id='word_1_14' title='bbox 189 443 192 458; x_wconf 78' lang='lat'><strong>¹</strong></span> <span class='ocrx_word' id='word_1_15' title='bbox 273 445 449 495; x_wconf 91' lang='lat' dir='ltr'><strong>neque</strong></span> <span class='ocrx_word' id='word_1_16' title='bbox 487 431 540 481; x_wconf 91' lang='lat' dir='ltr'><strong>in</strong></span> <span class='ocrx_word' id='word_1_17' title='bbox 581 430 762 498; x_wconf 88' lang='lat' dir='ltr'><strong>ligneo</strong></span> <span class='ocrx_word' id='word_1_18' title='bbox 803 439 1026 498; x_wconf 90' lang='lat' dir='ltr'><strong>propter</strong></span> <span class='ocrx_word' id='word_1_19' title='bbox 1068 430 1256 481; x_wconf 89' lang='lat' dir='ltr'><strong>rarita-</strong></span> 
     </span>
    </p>
   </div>
   <div class='ocr_carea' id='block_1_6' title="bbox 264 501 1258 1628">
    <p class='ocr_par' dir='ltr' id='par_1_6' title="bbox 264 501 1258 1628">
     <span class='ocr_line' id='line_1_6' title="bbox 272 501 1256 567; baseline 0.002 -18"><span class='ocrx_word' id='word_1_20' title='bbox 272 507 399 560; x_wconf 89' lang='lat' dir='ltr'><strong>tem,</strong></span> <span class='ocrx_word' id='word_1_21' title='bbox 439 517 548 567; x_wconf 89' lang='lat' dir='ltr'><strong>qua</strong></span> <span class='ocrx_word' id='word_1_22' title='bbox 593 501 989 553; x_wconf 88' lang='lat' dir='ltr'><strong>sacramentum</strong></span> <span class='ocrx_word' id='word_1_23' title='bbox 1028 501 1256 552; x_wconf 91' lang='lat' dir='ltr'><strong>imbibe-</strong></span> 
     </span>
     <span class='ocr_line' id='line_1_7' title="bbox 273 569 1258 639; baseline 0.001 -19"><span class='ocrx_word' id='word_1_24' title='bbox 273 569 457 631; x_wconf 85' lang='lat' dir='ltr'><strong>retur¹,</strong></span> <span class='ocrx_word' id='word_1_25' title='bbox 497 588 675 638; x_wconf 91' lang='lat' dir='ltr'><strong>neque</strong></span> <span class='ocrx_word' id='word_1_26' title='bbox 719 573 774 623; x_wconf 92' lang='lat' dir='ltr'><strong>in</strong></span> <span class='ocrx_word' id='word_1_27' title='bbox 817 574 990 623; x_wconf 89' lang='lat' dir='ltr'><strong>vitreo</strong></span> <span class='ocrx_word' id='word_1_28' title='bbox 1035 579 1258 639; x_wconf 90' lang='lat' dir='ltr'><strong>propter</strong></span> 
     </span>
     <span class='ocr_line' id='line_1_8' title="bbox 271 641 1255 710; baseline 0.002 -19"><span class='ocrx_word' id='word_1_29' title='bbox 271 641 636 707; x_wconf 89' lang='lat' dir='ltr'><strong>fragilitatem,</strong></span> <span class='ocrx_word' id='word_1_30' title='bbox 680 660 855 710; x_wconf 91' lang='lat' dir='ltr'><strong>neque</strong></span> <span class='ocrx_word' id='word_1_31' title='bbox 905 661 976 694; x_wconf 84' lang='lat' dir='ltr'><strong>ex</strong></span> <span class='ocrx_word' id='word_1_32' title='bbox 1027 660 1133 694; x_wconf 83' lang='lat' dir='ltr'><strong>aere</strong></span> <span class='ocrx_word' id='word_1_33' title='bbox 1184 642 1255 693; x_wconf 95' lang='lat' dir='ltr'><strong>ob</strong></span> 
     </span>
     <span class='ocr_line' id='line_1_9' title="bbox 270 713 1256 780; baseline 0.002 -19"><span class='ocrx_word' id='word_1_34' title='bbox 270 719 470 763; x_wconf 88' lang='lat' dir='ltr'><strong>tetrum</strong></span> <span class='ocrx_word' id='word_1_35' title='bbox 506 713 763 779; x_wconf 90' lang='lat' dir='ltr'><strong>saporem,</strong></span> <span class='ocrx_word' id='word_1_36' title='bbox 796 715 888 780; x_wconf 88' lang='lat' dir='ltr'><strong>qui</strong></span> <span class='ocrx_word' id='word_1_37' title='bbox 923 731 995 764; x_wconf 85' lang='lat' dir='ltr'><strong>ex</strong></span> <span class='ocrx_word' id='word_1_38' title='bbox 1031 730 1096 764; x_wconf 93' lang='lat' dir='ltr'><strong>eo</strong></span> <span class='ocrx_word' id='word_1_39' title='bbox 1130 730 1256 763; x_wconf 91' lang='lat' dir='ltr'><strong>con-</strong></span> 
     </span>
     <span class='ocr_line' id='line_1_10' title="bbox 269 783 1256 851; baseline 0.003 -20"><span class='ocrx_word' id='word_1_40' title='bbox 269 783 512 845; x_wconf 82' lang='lat' dir='ltr'><strong>trahitur,</strong></span> <span class='ocrx_word' id='word_1_41' title='bbox 550 784 639 835; x_wconf 93' lang='lat' dir='ltr'><strong>sed</strong></span> <span class='ocrx_word' id='word_1_42' title='bbox 679 802 750 835; x_wconf 86' lang='lat' dir='ltr'><strong>ex</strong></span> <span class='ocrx_word' id='word_1_43' title='bbox 790 802 920 835; x_wconf 90' lang='lat' dir='ltr'><strong>auro</strong></span> <span class='ocrx_word' id='word_1_44' title='bbox 959 792 1256 851; x_wconf 92' lang='lat' dir='ltr'><strong>argentoue</strong></span> 
     </span>
     <span class='ocr_line' id='line_1_11' title="bbox 269 853 1256 922; baseline 0.003 -20"><span class='ocrx_word' id='word_1_45' title='bbox 269 861 364 903; x_wconf 87' lang='lat' dir='ltr'><strong>aut</strong></span> <span class='ocrx_word' id='word_1_46' title='bbox 391 853 580 905; x_wconf 89' lang='lat' dir='ltr'><strong>stanno</strong></span> <span class='ocrx_word' id='word_1_47' title='bbox 606 854 774 917; x_wconf 92' lang='lat' dir='ltr'><strong>fieret,</strong></span> <span class='ocrx_word' id='word_1_48' title='bbox 803 856 957 906; x_wconf 84' lang='lat' dir='ltr'><strong>Idem</strong></span> <span class='ocrx_word' id='word_1_49' title='bbox 991 863 1256 922; x_wconf 85' lang='lat' dir='ltr'><strong>praeterea</strong></span> 
     </span>
     <span class='ocr_line' id='line_1_12' title="bbox 270 923 1253 985; baseline 0.003 -12"><span class='ocrx_word' id='word_1_50' title='bbox 270 923 513 985; x_wconf 89' lang='lat' dir='ltr'><strong>instituit,</strong></span> <span class='ocrx_word' id='word_1_51' title='bbox 533 933 590 976; x_wconf 90' lang='lat' dir='ltr'><strong>vt</strong></span> <span class='ocrx_word' id='word_1_52' title='bbox 617 943 807 976; x_wconf 91' lang='lat' dir='ltr'><strong>omnes</strong></span> <span class='ocrx_word' id='word_1_53' title='bbox 833 926 1101 977; x_wconf 87' lang='lat' dir='ltr'><strong>christiani</strong></span> <span class='ocrx_word' id='word_1_54' title='bbox 1129 943 1253 976; x_wconf 90' lang='lat' dir='ltr'><strong>cum</strong></span> 
     </span>
     <span class='ocr_line' id='line_1_13' title="bbox 268 995 1253 1063; baseline 0.001 -18"><span class='ocrx_word' id='word_1_55' title='bbox 268 995 338 1045; x_wconf 91' lang='lat' dir='ltr'><strong>ad</strong></span> <span class='ocrx_word' id='word_1_56' title='bbox 367 995 667 1060; x_wconf 80' lang='lat' dir='ltr'><strong>pubertatis</strong></span> <span class='ocrx_word' id='word_1_57' title='bbox 689 1014 860 1047; x_wconf 88' lang='lat' dir='ltr'><strong>annos</strong></span> <span class='ocrx_word' id='word_1_58' title='bbox 880 997 1253 1063; x_wconf 87' lang='lat' dir='ltr'><strong>peruenissent,</strong></span> 
     </span>
     <span class='ocr_line' id='line_1_14' title="bbox 267 1065 1254 1130; baseline 0.005 -16"><span class='ocrx_word' id='word_1_59' title='bbox 267 1065 485 1130; x_wconf 79' lang='lat' dir='ltr'><strong>singulis</strong></span> <span class='ocrx_word' id='word_1_60' title='bbox 545 1068 703 1118; x_wconf 84' lang='lat' dir='ltr'><strong>annis</strong></span> <span class='ocrx_word' id='word_1_61' title='bbox 770 1069 825 1119; x_wconf 93' lang='lat' dir='ltr'><strong>in</strong></span> <span class='ocrx_word' id='word_1_62' title='bbox 895 1068 1096 1118; x_wconf 86' lang='lat' dir='ltr'><strong>solenni</strong></span> <span class='ocrx_word' id='word_1_63' title='bbox 1166 1069 1254 1119; x_wconf 93' lang='lat' dir='ltr'><strong>die</strong></span> 
     </span>
     <span class='ocr_line' id='line_1_15' title="bbox 266 1136 1252 1204; baseline 0.005 -19"><span class='ocrx_word' id='word_1_64' title='bbox 266 1136 479 1201; x_wconf 84' lang='lat' dir='ltr'><strong>paschae</strong></span> <span class='ocrx_word' id='word_1_65' title='bbox 520 1139 734 1204; x_wconf 92' lang='lat' dir='ltr'><strong>publice</strong></span> <span class='ocrx_word' id='word_1_66' title='bbox 772 1140 1252 1190; x_wconf 84' lang='lat' dir='ltr'><strong>communicarent.</strong></span> 
     </span>
     <span class='ocr_line' id='line_1_16' title="bbox 269 1207 1250 1261; baseline 0.002 -2"><span class='ocrx_word' id='word_1_67' title='bbox 269 1207 408 1259; x_wconf 92' lang='lat' dir='ltr'><strong>Cum</strong></span> <span class='ocrx_word' id='word_1_68' title='bbox 431 1216 615 1259; x_wconf 91' lang='lat' dir='ltr'><strong>autem</strong></span> <span class='ocrx_word' id='word_1_69' title='bbox 635 1209 843 1261; x_wconf 92' lang='lat' dir='ltr'><strong>sedisset</strong></span> <span class='ocrx_word' id='word_1_70' title='bbox 860 1227 1032 1261; x_wconf 89' lang='lat' dir='ltr'><strong>annos</strong></span> <span class='ocrx_word' id='word_1_71' title='bbox 1052 1228 1250 1261; x_wconf 92' lang='lat' dir='ltr'><strong>nouem</strong></span> 
     </span>
     <span class='ocr_line' id='line_1_17' title="bbox 265 1278 1252 1348; baseline 0.005 -21"><span class='ocrx_word' id='word_1_72' title='bbox 265 1278 474 1329; x_wconf 91' lang='lat' dir='ltr'><strong>menses</strong></span> <span class='ocrx_word' id='word_1_73' title='bbox 501 1279 703 1347; x_wconf 88' lang='lat' dir='ltr'><strong>septem</strong></span> <span class='ocrx_word' id='word_1_74' title='bbox 731 1281 847 1332; x_wconf 92' lang='lat' dir='ltr'><strong>dies</strong></span> <span class='ocrx_word' id='word_1_75' title='bbox 869 1283 1058 1333; x_wconf 90' lang='lat' dir='ltr'><strong>decem</strong></span> <span class='ocrx_word' id='word_1_76' title='bbox 1080 1282 1252 1348; x_wconf 92' lang='lat' dir='ltr'><strong>impe-</strong></span> 
     </span>
     <span class='ocr_line' id='line_1_18' title="bbox 267 1350 1251 1415; baseline 0.005 -17"><span class='ocrx_word' id='word_1_77' title='bbox 267 1356 445 1400; x_wconf 91' lang='lat' dir='ltr'><strong>ratore</strong></span> <span class='ocrx_word' id='word_1_78' title='bbox 479 1350 683 1402; x_wconf 88' lang='lat' dir='ltr'><strong>Seuero</strong></span> <span class='ocrx_word' id='word_1_79' title='bbox 720 1353 960 1415; x_wconf 91' lang='lat' dir='ltr'><strong>moritur,</strong></span> <span class='ocrx_word' id='word_1_80' title='bbox 989 1370 1052 1403; x_wconf 90' lang='lat' dir='ltr'><strong>ac</strong></span> <span class='ocrx_word' id='word_1_81' title='bbox 1085 1353 1138 1403; x_wconf 93' lang='lat' dir='ltr'><strong>in</strong></span> <span class='ocrx_word' id='word_1_82' title='bbox 1164 1354 1251 1403; x_wconf 90' lang='lat' dir='ltr'><strong>via</strong></span> 
     </span>
     <span class='ocr_line' id='line_1_19' title="bbox 264 1419 1250 1490; baseline 0.006 -21"><span class='ocrx_word' id='word_1_83' title='bbox 264 1419 454 1486; x_wconf 87' lang='lat' dir='ltr'><strong>Appia</strong></span> <span class='ocrx_word' id='word_1_84' title='bbox 481 1421 747 1488; x_wconf 90' lang='lat' dir='ltr'><strong>sepelitur,</strong></span> <span class='ocrx_word' id='word_1_85' title='bbox 764 1440 871 1474; x_wconf 93' lang='lat' dir='ltr'><strong>non</strong></span> <span class='ocrx_word' id='word_1_86' title='bbox 896 1424 1059 1490; x_wconf 91' lang='lat' dir='ltr'><strong>longe</strong></span> <span class='ocrx_word' id='word_1_87' title='bbox 1086 1442 1118 1474; x_wconf 89' lang='lat' dir='ltr'><strong>a</strong></span> <span class='ocrx_word' id='word_1_88' title='bbox 1143 1442 1250 1475; x_wconf 90' lang='lat' dir='ltr'><strong>coe-</strong></span> 
     </span>
     <span class='ocr_line' id='line_1_20' title="bbox 265 1492 1251 1561; baseline 0.005 -21"><span class='ocrx_word' id='word_1_89' title='bbox 265 1492 490 1543; x_wconf 92' lang='lat' dir='ltr'><strong>meterio</strong></span> <span class='ocrx_word' id='word_1_90' title='bbox 519 1493 702 1545; x_wconf 89' lang='lat' dir='ltr'><strong>Calisti</strong></span> <span class='ocrx_word' id='word_1_91' title='bbox 730 1494 960 1561; x_wconf 87' lang='lat' dir='ltr'><strong>septimo</strong></span> <span class='ocrx_word' id='word_1_92' title='bbox 995 1494 1251 1547; x_wconf 90' lang='lat' dir='ltr'><strong>calendas</strong></span> 
     </span>
     <span class='ocr_line' id='line_1_21' title="bbox 266 1562 622 1628; baseline 0.006 -14"><span class='ocrx_word' id='word_1_93' title='bbox 266 1562 622 1628; x_wconf 69' lang='lat' dir='ltr'><strong>Septembris</strong></span> 
     </span>
    </p>
   </div>
   <div class='ocr_carea' id='block_1_7' title="bbox 262 1675 1255 1746">
    <p class='ocr_par' dir='ltr' id='par_1_7' title="bbox 262 1675 1255 1746">
     <span class='ocr_line' id='line_1_22' title="bbox 262 1675 1255 1746; baseline 0.005 -21"><span class='ocrx_word' id='word_1_94' title='bbox 262 1678 318 1735; x_wconf 73' lang='lat' dir='ltr'><strong>{I</strong></span> <span class='ocrx_word' id='word_1_95' title='bbox 346 1675 683 1745; x_wconf 74' lang='lat' dir='ltr'><strong>Augustinus</strong></span> <span class='ocrx_word' id='word_1_96' title='bbox 718 1678 971 1746; x_wconf 69' lang='lat' dir='ltr'><strong>episcopus</strong></span> <span class='ocrx_word' id='word_1_97' title='bbox 1005 1680 1255 1746; x_wconf 80' lang='lat' dir='ltr'><strong>confessor</strong></span> 
     </span>
    </p>
   </div>
   <div class='ocr_carea' id='block_1_8' title="bbox 541 1749 970 1895">
    <p class='ocr_par' dir='ltr' id='par_1_8' title="bbox 541 1749 970 1895">
     <span class='ocr_line' id='line_1_23' title="bbox 541 1749 970 1816; baseline 0.012 -17"><span class='ocrx_word' id='word_1_98' title='bbox 541 1749 729 1816; x_wconf 75' lang='lat' dir='ltr'><strong>duplex</strong></span> <span class='ocrx_word' id='word_1_99' title='bbox 754 1749 970 1805; x_wconf 77' lang='lat' dir='ltr'><strong>minus².</strong></span> 
     </span>
     <span class='ocr_line' id='line_1_24' title="bbox 659 1841 862 1895; baseline 0.005 -2"><span class='ocrx_word' id='word_1_100' title='bbox 659 1841 862 1895; x_wconf 78' lang='lat' dir='ltr'><strong>Oratio,</strong></span> 
     </span>
    </p>
   </div>
   <div class='ocr_carea' id='block_1_9' title="bbox 257 1934 1249 2430">
    <p class='ocr_par' dir='ltr' id='par_1_9' title="bbox 257 1934 1249 2430">
     <span class='ocr_line' id='line_1_25' title="bbox 261 1934 1249 2036; baseline 0.002 -51"><span class='ocrx_word' id='word_1_101' title='bbox 261 1934 506 2036; x_wconf 73' lang='lat' dir='ltr'><strong>ADesto</strong></span> <span class='ocrx_word' id='word_1_102' title='bbox 538 1934 1022 2001; x_wconf 82' lang='lat' dir='ltr'><strong>supplicationibus</strong></span> <span class='ocrx_word' id='word_1_103' title='bbox 1059 1936 1249 1987; x_wconf 88' lang='lat' dir='ltr'><strong>nostris</strong></span> 
     </span>
     <span class='ocr_line' id='line_1_26' title="bbox 399 2005 1249 2073; baseline 0.004 -18"><span class='ocrx_word' id='word_1_104' title='bbox 399 2005 747 2072; x_wconf 87' lang='lat' dir='ltr'><strong>omnipotens</strong></span> <span class='ocrx_word' id='word_1_105' title='bbox 775 2007 908 2057; x_wconf 91' lang='lat' dir='ltr'><strong>deus</strong></span> <span class='ocrx_word' id='word_1_106' title='bbox 937 2026 947 2057; x_wconf 90' lang='lat'>:</span> <span class='ocrx_word' id='word_1_107' title='bbox 974 2014 1028 2058; x_wconf 91' lang='lat' dir='ltr'><strong>et</strong></span> <span class='ocrx_word' id='word_1_108' title='bbox 1054 2008 1249 2073; x_wconf 89' lang='lat' dir='ltr'><strong>quibus</strong></span> 
     </span>
     <span class='ocr_line' id='line_1_27' title="bbox 261 2076 1248 2144; baseline 0.002 -17"><span class='ocrx_word' id='word_1_109' title='bbox 261 2076 516 2127; x_wconf 90' lang='lat' dir='ltr'><strong>fiduciam</strong></span> <span class='ocrx_word' id='word_1_110' title='bbox 569 2077 846 2143; x_wconf 60' lang='lat' dir='ltr'><strong>sperandae</strong></span> <span class='ocrx_word' id='word_1_111' title='bbox 899 2079 1120 2144; x_wconf 90' lang='lat' dir='ltr'><strong>pietatis</strong></span> <span class='ocrx_word' id='word_1_112' title='bbox 1171 2081 1248 2129; x_wconf 89' lang='lat' dir='ltr'><strong>in-</strong></span> 
     </span>
     <span class='ocr_line' id='line_1_28' title="bbox 260 2147 1248 2214; baseline 0.004 -17"><span class='ocrx_word' id='word_1_113' title='bbox 260 2147 468 2214; x_wconf 79' lang='lat' dir='ltr'><strong>dulgeS‚</strong></span> <span class='ocrx_word' id='word_1_114' title='bbox 522 2148 891 2200; x_wconf 91' lang='lat' dir='ltr'><strong>intercedente</strong></span> <span class='ocrx_word' id='word_1_115' title='bbox 941 2149 1104 2201; x_wconf 89' lang='lat' dir='ltr'><strong>beato</strong></span> <span class='ocrx_word' id='word_1_116' title='bbox 1154 2168 1248 2201; x_wconf 93' lang='lat' dir='ltr'><strong>au-</strong></span> 
     </span>
     <span class='ocr_line' id='line_1_29' title="bbox 258 2219 1248 2287; baseline 0.002 -18"><span class='ocrx_word' id='word_1_117' title='bbox 258 2219 471 2285; x_wconf 91' lang='lat' dir='ltr'><strong>gustino</strong></span> <span class='ocrx_word' id='word_1_118' title='bbox 498 2219 791 2270; x_wconf 89' lang='lat' dir='ltr'><strong>confessore</strong></span> <span class='ocrx_word' id='word_1_119' title='bbox 811 2228 906 2271; x_wconf 93' lang='lat' dir='ltr'><strong>tuo</strong></span> <span class='ocrx_word' id='word_1_120' title='bbox 928 2228 1092 2286; x_wconf 88' lang='lat' dir='ltr'><strong>atque</strong></span> <span class='ocrx_word' id='word_1_121' title='bbox 1112 2238 1248 2287; x_wconf 89' lang='lat' dir='ltr'><strong>pon-</strong></span> 
     </span>
     <span class='ocr_line' id='line_1_30' title="bbox 257 2289 1246 2351; baseline 0.003 -11"><span class='ocrx_word' id='word_1_122' title='bbox 257 2289 418 2351; x_wconf 87' lang='lat' dir='ltr'><strong>tifice,</strong></span> <span class='ocrx_word' id='word_1_123' title='bbox 502 2291 771 2341; x_wconf 78' lang='lat' dir='ltr'><strong>consuetae</strong></span> <span class='ocrx_word' id='word_1_124' title='bbox 869 2292 1246 2344; x_wconf 82' lang='lat' dir='ltr'><strong>misericordiae</strong></span> 
     </span>
     <span class='ocr_line' id='line_1_31' title="bbox 258 2360 1186 2430; baseline 0.001 -18"><span class='ocrx_word' id='word_1_125' title='bbox 258 2361 436 2412; x_wconf 90' lang='lat' dir='ltr'><strong>tribue</strong></span> <span class='ocrx_word' id='word_1_126' title='bbox 463 2361 729 2428; x_wconf 88' lang='lat' dir='ltr'><strong>benignus</strong></span> <span class='ocrx_word' id='word_1_127' title='bbox 757 2360 1010 2413; x_wconf 59' lang='lat' dir='ltr'><strong>effectum</strong></span> <span class='ocrx_word' id='word_1_128' title='bbox 1039 2382 1048 2413; x_wconf 93' lang='lat'><strong>:</strong></span> <span class='ocrx_word' id='word_1_129' title='bbox 1076 2381 1186 2430; x_wconf 87' lang='lat' dir='ltr'><strong>per.</strong></span> 
     </span>
    </p>
   </div>
   <div class='ocr_carea' id='block_1_10' title="bbox 252 2473 1246 3546">
    <p class='ocr_par' dir='ltr' id='par_1_10' title="bbox 600 2473 900 2540">
     <span class='ocr_line' id='line_1_32' title="bbox 600 2473 900 2540; baseline 0.007 -16"><span class='ocrx_word' id='word_1_130' title='bbox 600 2473 781 2525; x_wconf 61' lang='lat' dir='ltr'><strong>Leino</strong></span> <span class='ocrx_word' id='word_1_131' title='bbox 808 2474 900 2540; x_wconf 66' lang='lat' dir='ltr'><strong>jis.</strong></span> 
     </span>
    </p>

    <p class='ocr_par' dir='ltr' id='par_1_11' title="bbox 256 2565 1246 2667">
     <span class='ocr_line' id='line_1_33' title="bbox 256 2565 1246 2667; baseline 0.003 -51"><span class='ocrx_word' id='word_1_132' title='bbox 256 2565 626 2667; x_wconf 78' lang='lat' dir='ltr'><strong>AVgustinus</strong></span> <span class='ocrx_word' id='word_1_133' title='bbox 665 2565 918 2632; x_wconf 85' lang='lat' dir='ltr'><strong>Tagastae</strong></span> <span class='ocrx_word' id='word_1_134' title='bbox 956 2566 1128 2633; x_wconf 87' lang='lat' dir='ltr'><strong>(quod</strong></span> <span class='ocrx_word' id='word_1_135' title='bbox 1171 2568 1246 2619; x_wconf 90' lang='lat' dir='ltr'><strong>est</strong></span> 
     </span>
    </p>

    <p class='ocr_par' dir='ltr' id='par_1_12' title="bbox 252 2637 1246 3546">
     <span class='ocr_line' id='line_1_34' title="bbox 396 2637 1246 2704; baseline 0.002 -17"><span class='ocrx_word' id='word_1_136' title='bbox 396 2637 662 2703; x_wconf 91' lang='lat' dir='ltr'><strong>oppidum</strong></span> <span class='ocrx_word' id='word_1_137' title='bbox 691 2638 745 2688; x_wconf 91' lang='lat' dir='ltr'><strong>in</strong></span> <span class='ocrx_word' id='word_1_138' title='bbox 772 2637 986 2704; x_wconf 89' lang='lat' dir='ltr'><strong>Africa)</strong></span> <span class='ocrx_word' id='word_1_139' title='bbox 1010 2639 1246 2690; x_wconf 87' lang='lat' dir='ltr'><strong>honestis</strong></span> 
     </span>
     <span class='ocr_line' id='line_1_35' title="bbox 255 2709 1246 2773; baseline 0.003 -15"><span class='ocrx_word' id='word_1_140' title='bbox 255 2709 572 2773; x_wconf 88' lang='lat' dir='ltr'><strong>parentibus</strong></span> <span class='ocrx_word' id='word_1_141' title='bbox 622 2716 786 2771; x_wconf 80' lang='lat' dir='ltr'><strong>ortuS,</strong></span> <span class='ocrx_word' id='word_1_142' title='bbox 838 2711 1083 2760; x_wconf 90' lang='lat' dir='ltr'><strong>omnium</strong></span> <span class='ocrx_word' id='word_1_143' title='bbox 1136 2711 1246 2762; x_wconf 89' lang='lat' dir='ltr'><strong>fere</strong></span> 
     </span>
     <span class='ocr_line' id='line_1_36' title="bbox 256 2778 1245 2847; baseline 0.004 -19"><span class='ocrx_word' id='word_1_144' title='bbox 256 2778 469 2830; x_wconf 91' lang='lat' dir='ltr'><strong>suorum</strong></span> <span class='ocrx_word' id='word_1_145' title='bbox 537 2780 830 2847; x_wconf 63' lang='lat' dir='ltr'><strong>aequalium</strong></span> <span class='ocrx_word' id='word_1_146' title='bbox 901 2779 1245 2843; x_wconf 58' lang='lat' dir='ltr'><strong>doetisfimus,</strong></span> 
     </span>
     <span class='ocr_line' id='line_1_37' title="bbox 255 2849 1244 2904; baseline 0.005 -5"><span class='ocrx_word' id='word_1_147' title='bbox 255 2849 343 2900; x_wconf 94' lang='lat' dir='ltr'><strong>sed</strong></span> <span class='ocrx_word' id='word_1_148' title='bbox 373 2851 425 2900; x_wconf 93' lang='lat' dir='ltr'><strong>in</strong></span> <span class='ocrx_word' id='word_1_149' title='bbox 454 2850 817 2902; x_wconf 90' lang='lat' dir='ltr'><strong>adolescentia</strong></span> <span class='ocrx_word' id='word_1_150' title='bbox 843 2851 1143 2903; x_wconf 84' lang='lat' dir='ltr'><strong>christianae</strong></span> <span class='ocrx_word' id='word_1_151' title='bbox 1165 2870 1244 2904; x_wconf 89' lang='lat' dir='ltr'><strong>re-</strong></span> 
     </span>
     <span class='ocr_line' id='line_1_38' title="bbox 255 2920 1245 2987; baseline 0.004 -16"><span class='ocrx_word' id='word_1_152' title='bbox 255 2920 442 2987; x_wconf 84' lang='lat' dir='ltr'><strong>ligioni</strong></span> <span class='ocrx_word' id='word_1_153' title='bbox 469 2922 676 2973; x_wconf 90' lang='lat' dir='ltr'><strong>alienus</strong></span> <span class='ocrx_word' id='word_1_154' title='bbox 706 2923 1082 2974; x_wconf 90' lang='lat' dir='ltr'><strong>Mediolanum</strong></span> <span class='ocrx_word' id='word_1_155' title='bbox 1115 2942 1245 2975; x_wconf 91' lang='lat' dir='ltr'><strong>con-</strong></span> 
     </span>
     <span class='ocr_line' id='line_1_39' title="bbox 254 2992 1244 3046; baseline 0.004 -4"><span class='ocrx_word' id='word_1_156' title='bbox 254 2993 444 3045; x_wconf 90' lang='lat' dir='ltr'><strong>tendit.</strong></span> <span class='ocrx_word' id='word_1_157' title='bbox 480 2994 588 3045; x_wconf 93' lang='lat' dir='ltr'><strong>Vbi</strong></span> <span class='ocrx_word' id='word_1_158' title='bbox 607 3011 731 3044; x_wconf 87' lang='lat' dir='ltr'><strong>cum</strong></span> <span class='ocrx_word' id='word_1_159' title='bbox 749 2992 1244 3046; x_wconf 63' lang='lat' dir='ltr'><strong>samfftumAmbro-</strong></span> 
     </span>
     <span class='ocr_line' id='line_1_40' title="bbox 255 3063 1240 3132; baseline 0.004 -19"><span class='ocrx_word' id='word_1_160' title='bbox 255 3063 385 3114; x_wconf 74' lang='lat' dir='ltr'><strong>sium</strong></span> <span class='ocrx_word' id='word_1_161' title='bbox 404 3065 472 3115; x_wconf 92' lang='lat' dir='ltr'><strong>ad</strong></span> <span class='ocrx_word' id='word_1_162' title='bbox 493 3065 756 3130; x_wconf 92' lang='lat' dir='ltr'><strong>populum</strong></span> <span class='ocrx_word' id='word_1_163' title='bbox 768 3067 836 3116; x_wconf 92' lang='lat' dir='ltr'><strong>de</strong></span> <span class='ocrx_word' id='word_1_164' title='bbox 848 3066 1107 3132; x_wconf 88' lang='lat' dir='ltr'><strong>religione</strong></span> <span class='ocrx_word' id='word_1_165' title='bbox 1118 3084 1240 3117; x_wconf 90' lang='lat' dir='ltr'><strong>con-</strong></span> 
     </span>
     <span class='ocr_line' id='line_1_41' title="bbox 254 3134 1241 3202; baseline 0.004 -18"><span class='ocrx_word' id='word_1_166' title='bbox 254 3134 591 3186; x_wconf 83' lang='lat' dir='ltr'><strong>cionantem3</strong></span> <span class='ocrx_word' id='word_1_167' title='bbox 636 3136 947 3202; x_wconf 90' lang='lat' dir='ltr'><strong>frequenter</strong></span> <span class='ocrx_word' id='word_1_168' title='bbox 1000 3139 1241 3200; x_wconf 88' lang='lat' dir='ltr'><strong>audisset,</strong></span> 
     </span>
     <span class='ocr_line' id='line_1_42' title="bbox 255 3206 1242 3275; baseline 0.004 -20"><span class='ocrx_word' id='word_1_169' title='bbox 255 3206 482 3271; x_wconf 90' lang='lat' dir='ltr'><strong>priuatis</strong></span> <span class='ocrx_word' id='word_1_170' title='bbox 527 3224 746 3274; x_wconf 90' lang='lat' dir='ltr'><strong>quoque</strong></span> <span class='ocrx_word' id='word_1_171' title='bbox 791 3207 1075 3275; x_wconf 89' lang='lat' dir='ltr'><strong>colloquijs</strong></span> <span class='ocrx_word' id='word_1_172' title='bbox 1128 3210 1242 3259; x_wconf 88' lang='lat' dir='ltr'><strong>eius</strong></span> 
     </span>
     <span class='ocr_line' id='line_1_43' title="bbox 253 3277 1243 3346; baseline 0.005 -20"><span class='ocrx_word' id='word_1_173' title='bbox 253 3277 512 3338; x_wconf 90' lang='lat' dir='ltr'><strong>eruditus,</strong></span> <span class='ocrx_word' id='word_1_174' title='bbox 547 3286 602 3329; x_wconf 93' lang='lat' dir='ltr'><strong>et</strong></span> <span class='ocrx_word' id='word_1_175' title='bbox 644 3279 930 3330; x_wconf 89' lang='lat' dir='ltr'><strong>conuersus</strong></span> <span class='ocrx_word' id='word_1_176' title='bbox 972 3281 1243 3346; x_wconf 78' lang='lat' dir='ltr'><strong>trigesimo</strong></span> 
     </span>
     <span class='ocr_line' id='line_1_44' title="bbox 254 3347 1243 3403; baseline 0.005 -6"><span class='ocrx_word' id='word_1_177' title='bbox 254 3347 361 3398; x_wconf 84' lang='lat' dir='ltr'><strong>suae</strong></span> <span class='ocrx_word' id='word_1_178' title='bbox 398 3349 577 3399; x_wconf 84' lang='lat' dir='ltr'><strong>aetatis</strong></span> <span class='ocrx_word' id='word_1_179' title='bbox 616 3366 760 3400; x_wconf 92' lang='lat' dir='ltr'><strong>anno</strong></span> <span class='ocrx_word' id='word_1_180' title='bbox 799 3350 869 3401; x_wconf 93' lang='lat' dir='ltr'><strong>ab</strong></span> <span class='ocrx_word' id='word_1_181' title='bbox 907 3352 1101 3402; x_wconf 90' lang='lat' dir='ltr'><strong>eodem</strong></span> <span class='ocrx_word' id='word_1_182' title='bbox 1141 3352 1243 3403; x_wconf 91' lang='lat' dir='ltr'><strong>fuit</strong></span> 
     </span>
     <span class='ocr_line' id='line_1_45' title="bbox 252 3419 1241 3484; baseline 0.006 -16"><span class='ocrx_word' id='word_1_183' title='bbox 252 3419 574 3484; x_wconf 78' lang='lat' dir='ltr'><strong>baptizatus,</strong></span> <span class='ocrx_word' id='word_1_184' title='bbox 672 3420 836 3472; x_wconf 89' lang='lat' dir='ltr'><strong>Vnde</strong></span> <span class='ocrx_word' id='word_1_185' title='bbox 897 3422 1135 3473; x_wconf 90' lang='lat' dir='ltr'><strong>reuersus</strong></span> <span class='ocrx_word' id='word_1_186' title='bbox 1188 3425 1241 3474; x_wconf 93' lang='lat' dir='ltr'><strong>in</strong></span> 
     </span>
     <span class='ocr_line' id='line_1_46' title="bbox 252 3489 1242 3546; baseline 0.005 -6"><span class='ocrx_word' id='word_1_187' title='bbox 252 3489 499 3542; x_wconf 87' lang='lat' dir='ltr'><strong>Africam</strong></span> <span class='ocrx_word' id='word_1_188' title='bbox 533 3491 952 3544; x_wconf 82' lang='lat' dir='ltr'><strong>christianissime</strong></span> <span class='ocrx_word' id='word_1_189' title='bbox 993 3510 1056 3544; x_wconf 90' lang='lat' dir='ltr'><strong>ac</strong></span> <span class='ocrx_word' id='word_1_190' title='bbox 1096 3494 1242 3546; x_wconf 89' lang='lat' dir='ltr'><strong>sanc-</strong></span> 
     </span>
    </p>
   </div>
   <div class='ocr_carea' id='block_1_11' title="bbox 338 3600 806 3763">
    <p class='ocr_par' dir='ltr' id='par_1_13' title="bbox 338 3600 806 3763">
     <span class='ocr_line' id='line_1_47' title="bbox 338 3600 743 3647; baseline 0.01 -4"><span class='ocrx_word' id='word_1_191' title='bbox 338 3600 352 3628; x_wconf 86' lang='lat'>¹</span> <span class='ocrx_word' id='word_1_192' title='bbox 386 3601 634 3646; x_wconf 86' lang='lat' dir='ltr'><strong>imbibetur</strong></span> <span class='ocrx_word' id='word_1_193' title='bbox 664 3619 672 3647; x_wconf 90' lang='lat'><strong>:</strong></span> <span class='ocrx_word' id='word_1_194' title='bbox 697 3605 743 3647; x_wconf 91' lang='lat' dir='ltr'><strong>P.</strong></span> 
     </span>
     <span class='ocr_line' id='line_1_48' title="bbox 338 3658 691 3705; baseline 0.008 -4"><span class='ocrx_word' id='word_1_195' title='bbox 338 3658 355 3684; x_wconf 78' lang='lat'>2</span> <span class='ocrx_word' id='word_1_196' title='bbox 387 3659 461 3704; x_wconf 90' lang='lat' dir='ltr'><strong>die</strong></span> <span class='ocrx_word' id='word_1_197' title='bbox 485 3662 538 3704; x_wconf 85' lang='lat'><strong>28</strong></span> <span class='ocrx_word' id='word_1_198' title='bbox 560 3663 611 3704; x_wconf 86' lang='lat' dir='ltr'><strong>in</strong></span> <span class='ocrx_word' id='word_1_199' title='bbox 634 3676 691 3705; x_wconf 85' lang='lat' dir='ltr'><strong>m.</strong></span> 
     </span>
     <span class='ocr_line' id='line_1_49' title="bbox 338 3717 806 3763; baseline 0.009 -4"><span class='ocrx_word' id='word_1_200' title='bbox 338 3717 355 3743; x_wconf 80' lang='lat'>³</span> <span class='ocrx_word' id='word_1_201' title='bbox 386 3719 690 3763; x_wconf 84' lang='lat' dir='ltr'><strong>concionante</strong></span> <span class='ocrx_word' id='word_1_202' title='bbox 720 3721 806 3763; x_wconf 86' lang='lat' dir='ltr'><strong>:A.</strong></span> 
     </span>
    </p>
   </div>
   <div class='ocr_carea' id='block_1_12' title="bbox 1330 356 2332 2827">
    <p class='ocr_par' dir='ltr' id='par_1_14' title="bbox 1330 356 2332 2827">
     <span class='ocr_line' id='line_1_50' title="bbox 1340 356 2331 414; baseline 0.007 -7"><span class='ocrx_word' id='word_1_203' title='bbox 1340 356 1530 408; x_wconf 76' lang='lat' dir='ltr'><strong>tissime</strong></span> <span class='ocrx_word' id='word_1_204' title='bbox 1540 357 1729 408; x_wconf 88' lang='lat' dir='ltr'><strong>viuens</strong></span> <span class='ocrx_word' id='word_1_205' title='bbox 1748 359 2011 411; x_wconf 88' lang='lat' dir='ltr'><strong>aValerio</strong></span> <span class='ocrx_word' id='word_1_206' title='bbox 2023 360 2137 412; x_wconf 90' lang='lat' dir='ltr'><strong>viro</strong></span> <span class='ocrx_word' id='word_1_207' title='bbox 2148 361 2331 414; x_wconf 67' lang='lat' dir='ltr'><strong>sancto</strong></span> 
     </span>
     <span class='ocr_line' id='line_1_51' title="bbox 1340 427 2332 499; baseline 0.007 -22"><span class='ocrx_word' id='word_1_208' title='bbox 1340 427 1658 494; x_wconf 80' lang='lat' dir='ltr'><strong>hipponensi</strong></span> <span class='ocrx_word' id='word_1_209' title='bbox 1730 430 1981 496; x_wconf 91' lang='lat' dir='ltr'><strong>episcopo</strong></span> <span class='ocrx_word' id='word_1_210' title='bbox 2050 432 2332 499; x_wconf 89' lang='lat' dir='ltr'><strong>presbyter</strong></span> 
     </span>
     <span class='ocr_line' id='line_1_52' title="bbox 1340 496 2329 559; baseline 0.005 -11"><span class='ocrx_word' id='word_1_211' title='bbox 1340 496 1531 559; x_wconf 64' lang='lat' dir='ltr'><strong>faetuS,</strong></span> <span class='ocrx_word' id='word_1_212' title='bbox 1544 499 1926 551; x_wconf 90' lang='lat' dir='ltr'><strong>monasterium</strong></span> <span class='ocrx_word' id='word_1_213' title='bbox 1944 502 2192 553; x_wconf 91' lang='lat' dir='ltr'><strong>condidit</strong></span> <span class='ocrx_word' id='word_1_214' title='bbox 2210 502 2329 554; x_wconf 89' lang='lat' dir='ltr'><strong>reli-</strong></span> 
     </span>
     <span class='ocr_line' id='line_1_53' title="bbox 1339 569 2329 638; baseline 0.006 -20"><span class='ocrx_word' id='word_1_215' title='bbox 1339 569 1607 635; x_wconf 91' lang='lat' dir='ltr'><strong>giosorum</strong></span> <span class='ocrx_word' id='word_1_216' title='bbox 1625 569 1923 632; x_wconf 90' lang='lat' dir='ltr'><strong>hominum,</strong></span> <span class='ocrx_word' id='word_1_217' title='bbox 1941 589 2075 638; x_wconf 87' lang='lat' dir='ltr'><strong>quos</strong></span> <span class='ocrx_word' id='word_1_218' title='bbox 2094 574 2184 638; x_wconf 92' lang='lat' dir='ltr'><strong>pia</strong></span> <span class='ocrx_word' id='word_1_219' title='bbox 2200 574 2329 624; x_wconf 92' lang='lat' dir='ltr'><strong>doc-</strong></span> 
     </span>
     <span class='ocr_line' id='line_1_54' title="bbox 1339 640 2326 708; baseline 0.005 -18"><span class='ocrx_word' id='word_1_220' title='bbox 1339 640 1482 690; x_wconf 88' lang='lat' dir='ltr'><strong>trina</strong></span> <span class='ocrx_word' id='word_1_221' title='bbox 1516 648 1571 690; x_wconf 90' lang='lat' dir='ltr'><strong>et</strong></span> <span class='ocrx_word' id='word_1_222' title='bbox 1602 642 1888 707; x_wconf 80' lang='lat' dir='ltr'><strong>praeceptis</strong></span> <span class='ocrx_word' id='word_1_223' title='bbox 1915 643 2220 708; x_wconf 88' lang='lat' dir='ltr'><strong>apostolicis</strong></span> <span class='ocrx_word' id='word_1_224' title='bbox 2248 646 2326 695; x_wconf 92' lang='lat' dir='ltr'><strong>in-</strong></span> 
     </span>
     <span class='ocr_line' id='line_1_55' title="bbox 1340 709 2327 781; baseline 0.007 -22"><span class='ocrx_word' id='word_1_225' title='bbox 1340 709 1607 763; x_wconf 87' lang='lat' dir='ltr'><strong>stituebat.</strong></span> <span class='ocrx_word' id='word_1_226' title='bbox 1662 712 1735 762; x_wconf 86' lang='lat' dir='ltr'><strong>Et</strong></span> <span class='ocrx_word' id='word_1_227' title='bbox 1762 729 1884 763; x_wconf 92' lang='lat' dir='ltr'><strong>cum</strong></span> <span class='ocrx_word' id='word_1_228' title='bbox 1908 730 2003 778; x_wconf 94' lang='lat' dir='ltr'><strong>per</strong></span> <span class='ocrx_word' id='word_1_229' title='bbox 2028 714 2081 764; x_wconf 93' lang='lat' dir='ltr'><strong>id</strong></span> <span class='ocrx_word' id='word_1_230' title='bbox 2110 722 2327 781; x_wconf 87' lang='lat' dir='ltr'><strong>tempus</strong></span> 
     </span>
     <span class='ocr_line' id='line_1_56' title="bbox 1341 781 2327 852; baseline 0.006 -22"><span class='ocrx_word' id='word_1_231' title='bbox 1341 781 1754 832; x_wconf 90' lang='lat' dir='ltr'><strong>Manicheorum</strong></span> <span class='ocrx_word' id='word_1_232' title='bbox 1772 783 1998 845; x_wconf 81' lang='lat' dir='ltr'><strong>haerefiS,</strong></span> <span class='ocrx_word' id='word_1_233' title='bbox 2015 784 2068 834; x_wconf 91' lang='lat' dir='ltr'><strong>in</strong></span> <span class='ocrx_word' id='word_1_234' title='bbox 2087 802 2195 850; x_wconf 91' lang='lat' dir='ltr'><strong>qua</strong></span> <span class='ocrx_word' id='word_1_235' title='bbox 2217 786 2327 852; x_wconf 90' lang='lat' dir='ltr'><strong>ipse</strong></span> 
     </span>
     <span class='ocr_line' id='line_1_57' title="bbox 1339 851 2327 918; baseline 0.006 -17"><span class='ocrx_word' id='word_1_236' title='bbox 1339 851 1529 913; x_wconf 89' lang='lat' dir='ltr'><strong>fuerat,</strong></span> <span class='ocrx_word' id='word_1_237' title='bbox 1563 853 1796 904; x_wconf 90' lang='lat' dir='ltr'><strong>multum</strong></span> <span class='ocrx_word' id='word_1_238' title='bbox 1836 854 2153 918; x_wconf 90' lang='lat' dir='ltr'><strong>inualuisset,</strong></span> <span class='ocrx_word' id='word_1_239' title='bbox 2180 874 2327 907; x_wconf 90' lang='lat' dir='ltr'><strong>acer-</strong></span> 
     </span>
     <span class='ocr_line' id='line_1_58' title="bbox 1339 921 2324 978; baseline 0.006 -6"><span class='ocrx_word' id='word_1_240' title='bbox 1339 921 1500 973; x_wconf 79' lang='lat' dir='ltr'><strong>rime⁴</strong></span> <span class='ocrx_word' id='word_1_241' title='bbox 1551 924 1605 974; x_wconf 89' lang='lat' dir='ltr'><strong>in</strong></span> <span class='ocrx_word' id='word_1_242' title='bbox 1659 941 1781 975; x_wconf 91' lang='lat' dir='ltr'><strong>eam</strong></span> <span class='ocrx_word' id='word_1_243' title='bbox 1836 942 1961 975; x_wconf 91' lang='lat' dir='ltr'><strong>cum</strong></span> <span class='ocrx_word' id='word_1_244' title='bbox 2019 927 2324 978; x_wconf 85' lang='lat' dir='ltr'><strong>Fortunato</strong></span> 
     </span>
     <span class='ocr_line' id='line_1_59' title="bbox 1336 993 2326 1065; baseline 0.006 -22"><span class='ocrx_word' id='word_1_245' title='bbox 1336 993 1714 1045; x_wconf 81' lang='lat' dir='ltr'><strong>haereticorum</strong></span> <span class='ocrx_word' id='word_1_246' title='bbox 1743 995 1985 1062; x_wconf 88' lang='lat' dir='ltr'><strong>principe</strong></span> <span class='ocrx_word' id='word_1_247' title='bbox 2012 998 2326 1065; x_wconf 86' lang='lat' dir='ltr'><strong>complures</strong></span> 
     </span>
     <span class='ocr_line' id='line_1_60' title="bbox 1336 1065 2325 1134; baseline 0.006 -20"><span class='ocrx_word' id='word_1_248' title='bbox 1336 1065 1453 1115; x_wconf 92' lang='lat' dir='ltr'><strong>dies</strong></span> <span class='ocrx_word' id='word_1_249' title='bbox 1480 1066 1793 1131; x_wconf 87' lang='lat' dir='ltr'><strong>disputauit,</strong></span> <span class='ocrx_word' id='word_1_250' title='bbox 1821 1069 2166 1134; x_wconf 90' lang='lat' dir='ltr'><strong>eundemque</strong></span> <span class='ocrx_word' id='word_1_251' title='bbox 2200 1086 2325 1120; x_wconf 90' lang='lat' dir='ltr'><strong>con-</strong></span> 
     </span>
     <span class='ocr_line' id='line_1_61' title="bbox 1336 1136 2326 1203; baseline 0.006 -17"><span class='ocrx_word' id='word_1_252' title='bbox 1336 1136 1480 1188; x_wconf 88' lang='lat' dir='ltr'><strong>uicit.</strong></span> <span class='ocrx_word' id='word_1_253' title='bbox 1556 1136 1770 1203; x_wconf 78' lang='lat' dir='ltr'><strong>Quibus</strong></span> <span class='ocrx_word' id='word_1_254' title='bbox 1803 1139 1961 1188; x_wconf 90' lang='lat' dir='ltr'><strong>rebus</strong></span> <span class='ocrx_word' id='word_1_255' title='bbox 1989 1138 2185 1190; x_wconf 62' lang='lat' dir='ltr'><strong>ductus</strong></span> <span class='ocrx_word' id='word_1_256' title='bbox 2211 1141 2326 1192; x_wconf 87' lang='lat' dir='ltr'><strong>Va-</strong></span> 
     </span>
     <span class='ocr_line' id='line_1_62' title="bbox 1336 1206 2325 1278; baseline 0.005 -21"><span class='ocrx_word' id='word_1_257' title='bbox 1336 1206 1497 1258; x_wconf 87' lang='lat' dir='ltr'><strong>lerius</strong></span> <span class='ocrx_word' id='word_1_258' title='bbox 1532 1208 1828 1275; x_wconf 78' lang='lat' dir='ltr'><strong>episcopUS,</strong></span> <span class='ocrx_word' id='word_1_259' title='bbox 1856 1207 2001 1260; x_wconf 48' lang='lat' dir='ltr'><strong>saraa</strong></span> <span class='ocrx_word' id='word_1_260' title='bbox 2035 1210 2128 1261; x_wconf 86' lang='lat' dir='ltr'><strong>fibi</strong></span> <span class='ocrx_word' id='word_1_261' title='bbox 2166 1213 2325 1278; x_wconf 92' lang='lat' dir='ltr'><strong>copia</strong></span> 
     </span>
     <span class='ocr_line' id='line_1_63' title="bbox 1334 1279 2323 1347; baseline 0.005 -19"><span class='ocrx_word' id='word_1_262' title='bbox 1334 1294 1367 1328; x_wconf 90' lang='lat' dir='ltr'><strong>a</strong></span> <span class='ocrx_word' id='word_1_263' title='bbox 1410 1279 1643 1344; x_wconf 91' lang='lat' dir='ltr'><strong>primate</strong></span> <span class='ocrx_word' id='word_1_264' title='bbox 1687 1280 2060 1347; x_wconf 89' lang='lat' dir='ltr'><strong>episcoporum</strong></span> <span class='ocrx_word' id='word_1_265' title='bbox 2112 1282 2323 1334; x_wconf 90' lang='lat' dir='ltr'><strong>cartha-</strong></span> 
     </span>
     <span class='ocr_line' id='line_1_64' title="bbox 1334 1349 2328 1417; baseline 0.007 -19"><span class='ocrx_word' id='word_1_266' title='bbox 1334 1349 1553 1414; x_wconf 77' lang='lat' dir='ltr'><strong>ginensi,</strong></span> <span class='ocrx_word' id='word_1_267' title='bbox 1594 1350 1962 1417; x_wconf 89' lang='lat' dir='ltr'><strong>Augustinum</strong></span> <span class='ocrx_word' id='word_1_268' title='bbox 2005 1352 2059 1403; x_wconf 91' lang='lat' dir='ltr'><strong>in</strong></span> <span class='ocrx_word' id='word_1_269' title='bbox 2104 1353 2328 1405; x_wconf 91' lang='lat' dir='ltr'><strong>societa-</strong></span> 
     </span>
     <span class='ocr_line' id='line_1_65' title="bbox 1334 1420 2327 1491; baseline 0.006 -21"><span class='ocrx_word' id='word_1_270' title='bbox 1334 1428 1446 1470; x_wconf 89' lang='lat' dir='ltr'><strong>tem</strong></span> <span class='ocrx_word' id='word_1_271' title='bbox 1475 1420 1550 1471; x_wconf 93' lang='lat' dir='ltr'><strong>sui</strong></span> <span class='ocrx_word' id='word_1_272' title='bbox 1577 1422 1919 1489; x_wconf 88' lang='lat' dir='ltr'><strong>episcopatus</strong></span> <span class='ocrx_word' id='word_1_273' title='bbox 1946 1423 2144 1475; x_wconf 86' lang='lat' dir='ltr'><strong>asciuit.</strong></span> <span class='ocrx_word' id='word_1_274' title='bbox 2199 1423 2327 1491; x_wconf 77' lang='lat' dir='ltr'><strong>Qua</strong></span> 
     </span>
     <span class='ocr_line' id='line_1_66' title="bbox 1335 1492 2327 1560; baseline 0.007 -20"><span class='ocrx_word' id='word_1_275' title='bbox 1335 1508 1464 1541; x_wconf 89' lang='lat' dir='ltr'><strong>cura</strong></span> <span class='ocrx_word' id='word_1_276' title='bbox 1505 1492 1747 1558; x_wconf 89' lang='lat' dir='ltr'><strong>suscepta</strong></span> <span class='ocrx_word' id='word_1_277' title='bbox 1786 1493 2124 1560; x_wconf 87' lang='lat' dir='ltr'><strong>Augustinus</strong></span> <span class='ocrx_word' id='word_1_278' title='bbox 2169 1502 2327 1547; x_wconf 88' lang='lat' dir='ltr'><strong>tanto</strong></span> 
     </span>
     <span class='ocr_line' id='line_1_67' title="bbox 1334 1562 2326 1630; baseline 0.006 -18"><span class='ocrx_word' id='word_1_279' title='bbox 1334 1562 1509 1613; x_wconf 90' lang='lat' dir='ltr'><strong>studio</strong></span> <span class='ocrx_word' id='word_1_280' title='bbox 1536 1564 1789 1630; x_wconf 90' lang='lat' dir='ltr'><strong>cuiusque</strong></span> <span class='ocrx_word' id='word_1_281' title='bbox 1810 1566 2022 1630; x_wconf 89' lang='lat' dir='ltr'><strong>generis</strong></span> <span class='ocrx_word' id='word_1_282' title='bbox 2043 1566 2326 1618; x_wconf 80' lang='lat' dir='ltr'><strong>haereticos</strong></span> 
     </span>
     <span class='ocr_line' id='line_1_68' title="bbox 1335 1632 2326 1702; baseline 0.005 -19"><span class='ocrx_word' id='word_1_283' title='bbox 1335 1632 1622 1685; x_wconf 66' lang='lat' dir='ltr'><strong>insectatus</strong></span> <span class='ocrx_word' id='word_1_284' title='bbox 1649 1635 1738 1696; x_wconf 90' lang='lat' dir='ltr'><strong>est,</strong></span> <span class='ocrx_word' id='word_1_285' title='bbox 1757 1643 1816 1686; x_wconf 89' lang='lat' dir='ltr'><strong>vt</strong></span> <span class='ocrx_word' id='word_1_286' title='bbox 1842 1637 2040 1702; x_wconf 90' lang='lat' dir='ltr'><strong>partim</strong></span> <span class='ocrx_word' id='word_1_287' title='bbox 2069 1637 2326 1699; x_wconf 90' lang='lat' dir='ltr'><strong>sermone,</strong></span> 
     </span>
     <span class='ocr_line' id='line_1_69' title="bbox 1334 1705 2326 1771; baseline 0.005 -17"><span class='ocrx_word' id='word_1_288' title='bbox 1334 1706 1532 1771; x_wconf 88' lang='lat' dir='ltr'><strong>partim</strong></span> <span class='ocrx_word' id='word_1_289' title='bbox 1571 1705 1720 1756; x_wconf 89' lang='lat' dir='ltr'><strong>libris</strong></span> <span class='ocrx_word' id='word_1_290' title='bbox 1757 1708 1929 1769; x_wconf 80' lang='lat' dir='ltr'><strong>editis,</strong></span> <span class='ocrx_word' id='word_1_291' title='bbox 1967 1715 2141 1759; x_wconf 91' lang='lat' dir='ltr'><strong>totam</strong></span> <span class='ocrx_word' id='word_1_292' title='bbox 2177 1708 2326 1759; x_wconf 87' lang='lat' dir='ltr'><strong>Afri-</strong></span> 
     </span>
     <span class='ocr_line' id='line_1_70' title="bbox 1335 1777 2327 1840; baseline 0.006 -15"><span class='ocrx_word' id='word_1_293' title='bbox 1335 1793 1455 1826; x_wconf 90' lang='lat' dir='ltr'><strong>cam</strong></span> <span class='ocrx_word' id='word_1_294' title='bbox 1492 1794 1524 1826; x_wconf 92' lang='lat' dir='ltr'><strong>a</strong></span> <span class='ocrx_word' id='word_1_295' title='bbox 1557 1777 1985 1840; x_wconf 91' lang='lat' dir='ltr'><strong>Manicheorum,</strong></span> <span class='ocrx_word' id='word_1_296' title='bbox 2013 1780 2327 1831; x_wconf 89' lang='lat' dir='ltr'><strong>Donatista-</strong></span> 
     </span>
     <span class='ocr_line' id='line_1_71' title="bbox 1335 1847 2325 1915; baseline 0.006 -19"><span class='ocrx_word' id='word_1_297' title='bbox 1335 1864 1469 1908; x_wconf 89' lang='lat' dir='ltr'><strong>rum,</strong></span> <span class='ocrx_word' id='word_1_298' title='bbox 1498 1847 2024 1915; x_wconf 88' lang='lat' dir='ltr'><strong>Pelagionorumque</strong></span> <span class='ocrx_word' id='word_1_299' title='bbox 2057 1851 2325 1902; x_wconf 87' lang='lat' dir='ltr'><strong>erroribus</strong></span> 
     </span>
     <span class='ocr_line' id='line_1_72' title="bbox 1334 1920 2326 1987; baseline 0.007 -20"><span class='ocrx_word' id='word_1_300' title='bbox 1334 1920 1737 1985; x_wconf 83' lang='lat' dir='ltr'><strong>expurgauerit.</strong></span> <span class='ocrx_word' id='word_1_301' title='bbox 1809 1921 2028 1987; x_wconf 78' lang='lat' dir='ltr'><strong>Scripsit</strong></span> <span class='ocrx_word' id='word_1_302' title='bbox 2054 1922 2218 1973; x_wconf 87' lang='lat' dir='ltr'><strong>libros</strong></span> <span class='ocrx_word' id='word_1_303' title='bbox 2246 1924 2326 1973; x_wconf 90' lang='lat' dir='ltr'><strong>in-</strong></span> 
     </span>
     <span class='ocr_line' id='line_1_73' title="bbox 1334 1990 2325 2059; baseline 0.007 -21"><span class='ocrx_word' id='word_1_304' title='bbox 1334 1990 1710 2052; x_wconf 88' lang='lat' dir='ltr'><strong>numerabiles,</strong></span> <span class='ocrx_word' id='word_1_305' title='bbox 1762 1991 1833 2041; x_wconf 92' lang='lat' dir='ltr'><strong>ad</strong></span> <span class='ocrx_word' id='word_1_306' title='bbox 1893 1992 2211 2059; x_wconf 83' lang='lat' dir='ltr'><strong>religionem</strong></span> <span class='ocrx_word' id='word_1_307' title='bbox 2271 2001 2325 2045; x_wconf 87' lang='lat' dir='ltr'><strong>et</strong></span> 
     </span>
     <span class='ocr_line' id='line_1_74' title="bbox 1334 2060 2327 2130; baseline 0.005 -20"><span class='ocrx_word' id='word_1_308' title='bbox 1334 2060 1600 2111; x_wconf 88' lang='lat' dir='ltr'><strong>sacrarum</strong></span> <span class='ocrx_word' id='word_1_309' title='bbox 1629 2061 2007 2128; x_wconf 88' lang='lat' dir='ltr'><strong>scripturarum</strong></span> <span class='ocrx_word' id='word_1_310' title='bbox 2036 2065 2327 2130; x_wconf 79' lang='lat' dir='ltr'><strong>expositio-</strong></span> 
     </span>
     <span class='ocr_line' id='line_1_75' title="bbox 1333 2134 2325 2199; baseline 0.006 -18"><span class='ocrx_word' id='word_1_311' title='bbox 1333 2148 1457 2181; x_wconf 90' lang='lat' dir='ltr'><strong>nem</strong></span> <span class='ocrx_word' id='word_1_312' title='bbox 1498 2134 1842 2199; x_wconf 83' lang='lat' dir='ltr'><strong>pertinenteS,</strong></span> <span class='ocrx_word' id='word_1_313' title='bbox 1883 2142 2038 2186; x_wconf 89' lang='lat' dir='ltr'><strong>tanta</strong></span> <span class='ocrx_word' id='word_1_314' title='bbox 2076 2134 2325 2187; x_wconf 59' lang='lat' dir='ltr'><strong>doEtrina</strong></span> 
     </span>
     <span class='ocr_line' id='line_1_76' title="bbox 1332 2204 2326 2273; baseline 0.006 -20"><span class='ocrx_word' id='word_1_315' title='bbox 1332 2210 1386 2253; x_wconf 83' lang='lat' dir='ltr'><strong>et</strong></span> <span class='ocrx_word' id='word_1_316' title='bbox 1413 2204 1630 2269; x_wconf 87' lang='lat' dir='ltr'><strong>pietate,</strong></span> <span class='ocrx_word' id='word_1_317' title='bbox 1657 2211 1716 2255; x_wconf 90' lang='lat' dir='ltr'><strong>vt</strong></span> <span class='ocrx_word' id='word_1_318' title='bbox 1743 2204 1924 2256; x_wconf 89' lang='lat' dir='ltr'><strong>nullus</strong></span> <span class='ocrx_word' id='word_1_319' title='bbox 1961 2222 2137 2273; x_wconf 90' lang='lat' dir='ltr'><strong>neque</strong></span> <span class='ocrx_word' id='word_1_320' title='bbox 2174 2207 2326 2258; x_wconf 83' lang='lat' dir='ltr'><strong>Grae-</strong></span> 
     </span>
     <span class='ocr_line' id='line_1_77' title="bbox 1330 2275 2326 2341; baseline 0.006 -18"><span class='ocrx_word' id='word_1_321' title='bbox 1330 2291 1518 2324; x_wconf 90' lang='lat' dir='ltr'><strong>corum</strong></span> <span class='ocrx_word' id='word_1_322' title='bbox 1551 2292 1726 2341; x_wconf 90' lang='lat' dir='ltr'><strong>neque</strong></span> <span class='ocrx_word' id='word_1_323' title='bbox 1761 2275 2052 2328; x_wconf 92' lang='lat' dir='ltr'><strong>latinorum</strong></span> <span class='ocrx_word' id='word_1_324' title='bbox 2089 2277 2326 2330; x_wconf 85' lang='lat' dir='ltr'><strong>christia-</strong></span> 
     </span>
     <span class='ocr_line' id='line_1_78' title="bbox 1332 2345 2326 2415; baseline 0.006 -21"><span class='ocrx_word' id='word_1_325' title='bbox 1332 2362 1461 2395; x_wconf 93' lang='lat' dir='ltr'><strong>nam</strong></span> <span class='ocrx_word' id='word_1_326' title='bbox 1507 2345 1904 2413; x_wconf 89' lang='lat' dir='ltr'><strong>philosophiam</strong></span> <span class='ocrx_word' id='word_1_327' title='bbox 1957 2349 2132 2415; x_wconf 90' lang='lat' dir='ltr'><strong>magis</strong></span> <span class='ocrx_word' id='word_1_328' title='bbox 2184 2349 2326 2400; x_wconf 92' lang='lat' dir='ltr'><strong>illus-</strong></span> 
     </span>
     <span class='ocr_line' id='line_1_79' title="bbox 1330 2418 2325 2483; baseline 0.006 -17"><span class='ocrx_word' id='word_1_329' title='bbox 1330 2418 1570 2468; x_wconf 89' lang='lat' dir='ltr'><strong>trauerit.</strong></span> <span class='ocrx_word' id='word_1_330' title='bbox 1646 2418 1711 2468; x_wconf 93' lang='lat' dir='ltr'><strong>In</strong></span> <span class='ocrx_word' id='word_1_331' title='bbox 1739 2435 1848 2483; x_wconf 85' lang='lat' dir='ltr'><strong>quo</strong></span> <span class='ocrx_word' id='word_1_332' title='bbox 1875 2418 2049 2470; x_wconf 92' lang='lat' dir='ltr'><strong>studio</strong></span> <span class='ocrx_word' id='word_1_333' title='bbox 2076 2437 2200 2471; x_wconf 92' lang='lat' dir='ltr'><strong>cum</strong></span> <span class='ocrx_word' id='word_1_334' title='bbox 2228 2438 2325 2471; x_wconf 92' lang='lat' dir='ltr'><strong>an-</strong></span> 
     </span>
     <span class='ocr_line' id='line_1_80' title="bbox 1332 2489 2323 2557; baseline 0.006 -20"><span class='ocrx_word' id='word_1_335' title='bbox 1332 2505 1461 2537; x_wconf 89' lang='lat' dir='ltr'><strong>num</strong></span> <span class='ocrx_word' id='word_1_336' title='bbox 1481 2495 1666 2554; x_wconf 89' lang='lat' dir='ltr'><strong>ageret</strong></span> <span class='ocrx_word' id='word_1_337' title='bbox 1677 2490 1855 2540; x_wconf 78' lang='lat' dir='ltr'><strong>aetatis</strong></span> <span class='ocrx_word' id='word_1_338' title='bbox 1874 2489 2323 2557; x_wconf 78' lang='lat' dir='ltr'><strong>septuagesimum</strong></span> 
     </span>
     <span class='ocr_line' id='line_1_81' title="bbox 1331 2558 2323 2627; baseline 0.005 -19"><span class='ocrx_word' id='word_1_339' title='bbox 1331 2558 1546 2610; x_wconf 83' lang='lat' dir='ltr'><strong>sextum</strong></span> <span class='ocrx_word' id='word_1_340' title='bbox 1575 2577 1607 2610; x_wconf 87' lang='lat' dir='ltr'><strong>a</strong></span> <span class='ocrx_word' id='word_1_341' title='bbox 1633 2561 1744 2611; x_wconf 90' lang='lat' dir='ltr'><strong>vita</strong></span> <span class='ocrx_word' id='word_1_342' title='bbox 1773 2561 2029 2627; x_wconf 88' lang='lat' dir='ltr'><strong>migrauit</strong></span> <span class='ocrx_word' id='word_1_343' title='bbox 2056 2581 2115 2614; x_wconf 89' lang='lat' dir='ltr'><strong>.v.</strong></span> <span class='ocrx_word' id='word_1_344' title='bbox 2143 2563 2323 2613; x_wconf 90' lang='lat' dir='ltr'><strong>calen-</strong></span> 
     </span>
     <span class='ocr_line' id='line_1_82' title="bbox 1331 2631 2323 2696; baseline 0.005 -16"><span class='ocrx_word' id='word_1_345' title='bbox 1331 2631 1429 2680; x_wconf 87' lang='lat' dir='ltr'><strong>das</strong></span> <span class='ocrx_word' id='word_1_346' title='bbox 1503 2631 1844 2696; x_wconf 83' lang='lat' dir='ltr'><strong>Septembris</strong></span> <span class='ocrx_word' id='word_1_347' title='bbox 1913 2650 2058 2684; x_wconf 91' lang='lat' dir='ltr'><strong>anno</strong></span> <span class='ocrx_word' id='word_1_348' title='bbox 2129 2633 2323 2685; x_wconf 88' lang='lat' dir='ltr'><strong>Christi</strong></span> 
     </span>
     <span class='ocr_line' id='line_1_83' title="bbox 1331 2701 2324 2772; baseline 0.005 -21"><span class='ocrx_word' id='word_1_349' title='bbox 1331 2701 1444 2752; x_wconf 92' lang='lat' dir='ltr'><strong>nati</strong></span> <span class='ocrx_word' id='word_1_350' title='bbox 1508 2701 1779 2754; x_wconf 76' lang='lat' dir='ltr'><strong>,cccxxx.⁵</strong></span> <span class='ocrx_word' id='word_1_351' title='bbox 1841 2704 2007 2770; x_wconf 87' lang='lat' dir='ltr'><strong>idque</strong></span> <span class='ocrx_word' id='word_1_352' title='bbox 2073 2705 2324 2772; x_wconf 91' lang='lat' dir='ltr'><strong>Hipponi</strong></span> 
     </span>
     <span class='ocr_line' id='line_1_84' title="bbox 1330 2773 2323 2827; baseline 0.004 -4"><span class='ocrx_word' id='word_1_353' title='bbox 1330 2773 1598 2824; x_wconf 89' lang='lat' dir='ltr'><strong>Vandalis</strong></span> <span class='ocrx_word' id='word_1_354' title='bbox 1639 2791 1760 2825; x_wconf 89' lang='lat' dir='ltr'><strong>eam</strong></span> <span class='ocrx_word' id='word_1_355' title='bbox 1801 2775 1990 2826; x_wconf 88' lang='lat' dir='ltr'><strong>vrbem</strong></span> <span class='ocrx_word' id='word_1_356' title='bbox 2030 2776 2323 2827; x_wconf 81' lang='lat' dir='ltr'><strong>obfidenti-</strong></span> 
     </span>
    </p>
   </div>
   <div class='ocr_carea' id='block_1_13' title="bbox 1330 2843 1444 2895">
    <p class='ocr_par' dir='ltr' id='par_1_15' title="bbox 1330 2843 1444 2895">
     <span class='ocr_line' id='line_1_85' title="bbox 1330 2843 1444 2895; baseline 0.009 -1"><span class='ocrx_word' id='word_1_357' title='bbox 1330 2843 1444 2895; x_wconf 89' lang='lat' dir='ltr'><strong>buS.</strong></span> 
     </span>
    </p>
   </div>
   <div class='ocr_carea' id='block_1_14' title="bbox 1330 2955 2348 3306">
    <p class='ocr_par' dir='ltr' id='par_1_16' title="bbox 1330 2955 2348 3306">
     <span class='ocr_line' id='line_1_86' title="bbox 1330 2955 2348 3025; baseline 0.004 -20"><span class='ocrx_word' id='word_1_358' title='bbox 1330 2958 1385 3014; x_wconf 73' lang='lat' dir='ltr'><strong>(l</strong></span> <span class='ocrx_word' id='word_1_359' title='bbox 1415 2955 1705 3007; x_wconf 79' lang='lat' dir='ltr'><strong>Decollatz&#39;o</strong></span> <span class='ocrx_word' id='word_1_360' title='bbox 1718 2957 1903 3022; x_wconf 56' lang='lat' dir='ltr'><strong>scmffli</strong></span> <span class='ocrx_word' id='word_1_361' title='bbox 1931 2958 2155 3009; x_wconf 78' lang='lat' dir='ltr'><strong>Ioannis</strong></span> <span class='ocrx_word' id='word_1_362' title='bbox 2186 2959 2348 3025; x_wconf 63' lang='lat' dir='ltr'><strong>Bap:</strong></span> 
     </span>
     <span class='ocr_line' id='line_1_87' title="bbox 1400 3028 2326 3095; baseline 0.004 -18"><span class='ocrx_word' id='word_1_363' title='bbox 1400 3028 1532 3094; x_wconf 73' lang='lat' dir='ltr'><strong>tzstoe</strong></span> <span class='ocrx_word' id='word_1_364' title='bbox 1554 3028 1746 3093; x_wconf 75' lang='lat' dir='ltr'><strong>duplex</strong></span> <span class='ocrx_word' id='word_1_365' title='bbox 1770 3029 1948 3079; x_wconf 72' lang='lat' dir='ltr'><strong>maius</strong></span> <span class='ocrx_word' id='word_1_366' title='bbox 1980 3029 2062 3079; x_wconf 82' lang='lat' dir='ltr'><strong>ad</strong></span> <span class='ocrx_word' id='word_1_367' title='bbox 2091 3030 2326 3095; x_wconf 75' lang='lat' dir='ltr'><strong>vesperas</strong></span> 
     </span>
     <span class='ocr_line' id='line_1_88' title="bbox 1399 3099 2325 3164; baseline 0.004 -16"><span class='ocrx_word' id='word_1_368' title='bbox 1399 3107 1451 3148; x_wconf 83' lang='lat' dir='ltr'><strong>et</strong></span> <span class='ocrx_word' id='word_1_369' title='bbox 1482 3099 1812 3149; x_wconf 66' lang='lat' dir='ltr'><strong>malzttz‘nmtz</strong></span> <span class='ocrx_word' id='word_1_370' title='bbox 1848 3100 2065 3164; x_wconf 79' lang='lat' dir='ltr'><em>Hymni</em></span> <span class='ocrx_word' id='word_1_371' title='bbox 2097 3109 2147 3151; x_wconf 81' lang='lat' dir='ltr'><strong>et</strong></span> <span class='ocrx_word' id='word_1_372' title='bbox 2183 3101 2325 3152; x_wconf 79' lang='lat' dir='ltr'><em>inui-</em></span> 
     </span>
     <span class='ocr_line' id='line_1_89' title="bbox 1401 3169 2326 3223; baseline 0.004 -4"><span class='ocrx_word' id='word_1_373' title='bbox 1401 3169 1658 3220; x_wconf 75' lang='lat' dir='ltr'><strong>tatorizmz</strong></span> <span class='ocrx_word' id='word_1_374' title='bbox 1718 3171 1783 3220; x_wconf 79' lang='lat' dir='ltr'><strong>de</strong></span> <span class='ocrx_word' id='word_1_375' title='bbox 1843 3171 2113 3222; x_wconf 73' lang='lat' dir='ltr'><strong>communi</strong></span> <span class='ocrx_word' id='word_1_376' title='bbox 2166 3172 2326 3223; x_wconf 75' lang='lat' dir='ltr'><em>vuius</em></span> 
     </span>
     <span class='ocr_line' id='line_1_90' title="bbox 1401 3241 1671 3306; baseline 0.004 -16"><span class='ocrx_word' id='word_1_377' title='bbox 1401 3241 1671 3306; x_wconf 56' lang='lat' dir='ltr'><strong>martyrzls‘.</strong></span> 
     </span>
    </p>
   </div>
   <div class='ocr_carea' id='block_1_15' title="bbox 1732 3332 1929 3384">
    <p class='ocr_par' dir='ltr' id='par_1_17' title="bbox 1732 3332 1929 3384">
     <span class='ocr_line' id='line_1_91' title="bbox 1732 3332 1929 3384; baseline 0 -1"><span class='ocrx_word' id='word_1_378' title='bbox 1732 3332 1929 3384; x_wconf 74' lang='lat' dir='ltr'><strong>Oratio.</strong></span> 
     </span>
    </p>
   </div>
   <div class='ocr_carea' id='block_1_16' title="bbox 1420 3422 2324 3563">
    <p class='ocr_par' dir='ltr' id='par_1_18' title="bbox 1420 3422 2324 3563">
     <span class='ocr_line' id='line_1_92' title="bbox 1420 3422 2324 3492; baseline 0.006 -18"><span class='ocrx_word' id='word_1_379' title='bbox 1420 3422 1589 3475; x_wconf 66' lang='lat' dir='ltr'><strong>Anffi</strong></span> <span class='ocrx_word' id='word_1_380' title='bbox 1657 3425 1882 3475; x_wconf 90' lang='lat' dir='ltr'><strong>Ioannis</strong></span> <span class='ocrx_word' id='word_1_381' title='bbox 1951 3426 2200 3492; x_wconf 79' lang='lat' dir='ltr'><strong>baptistae</strong></span> <span class='ocrx_word' id='word_1_382' title='bbox 2269 3435 2324 3479; x_wconf 91' lang='lat' dir='ltr'><strong>et</strong></span> 
     </span>
     <span class='ocr_line' id='line_1_93' title="bbox 1455 3496 2323 3563; baseline 0.006 -18"><span class='ocrx_word' id='word_1_383' title='bbox 1455 3496 1711 3563; x_wconf 88' lang='lat' dir='ltr'><strong>martyris</strong></span> <span class='ocrx_word' id='word_1_384' title='bbox 1750 3497 1829 3546; x_wconf 90' lang='lat' dir='ltr'><strong>tui</strong></span> <span class='ocrx_word' id='word_1_385' title='bbox 1875 3498 2182 3563; x_wconf 84' lang='lat' dir='ltr'><strong>quaesumus</strong></span> <span class='ocrx_word' id='word_1_386' title='bbox 2228 3499 2323 3550; x_wconf 92' lang='lat' dir='ltr'><strong>do-</strong></span> 
     </span>
    </p>
   </div>
   <div class='ocr_carea' id='block_1_17' title="bbox 1421 3606 1946 3710">
    <p class='ocr_par' dir='ltr' id='par_1_19' title="bbox 1421 3606 1946 3710">
     <span class='ocr_line' id='line_1_94' title="bbox 1421 3606 1851 3652; baseline 0.002 -3"><span class='ocrx_word' id='word_1_387' title='bbox 1421 3606 1437 3633; x_wconf 70' lang='lat'>4</span> <span class='ocrx_word' id='word_1_388' title='bbox 1469 3608 1740 3652; x_wconf 86' lang='lat' dir='ltr'><strong>acerrisfime</strong></span> <span class='ocrx_word' id='word_1_389' title='bbox 1770 3624 1778 3651; x_wconf 77' lang='grc' dir='ltr'>ε</span> <span class='ocrx_word' id='word_1_390' title='bbox 1805 3609 1851 3651; x_wconf 90' lang='grc' dir='ltr'><strong>Ρ.</strong></span> 
     </span>
     <span class='ocr_line' id='line_1_95' title="bbox 1423 3665 1946 3710; baseline 0.004 -2"><span class='ocrx_word' id='word_1_391' title='bbox 1423 3665 1438 3692; x_wconf 79' lang='lat'>⁶</span> <span class='ocrx_word' id='word_1_392' title='bbox 1472 3680 1679 3709; x_wconf 58' lang='lat' dir='ltr'><strong>ccccxxx</strong></span> <span class='ocrx_word' id='word_1_393' title='bbox 1711 3681 1719 3709; x_wconf 92' lang='lat'>:</span> <span class='ocrx_word' id='word_1_394' title='bbox 1747 3668 1799 3709; x_wconf 88' lang='lat' dir='ltr'><strong>R.</strong></span> <span class='ocrx_word' id='word_1_395' title='bbox 1827 3668 1872 3710; x_wconf 91' lang='lat' dir='ltr'><strong>P.</strong></span> <span class='ocrx_word' id='word_1_396' title='bbox 1892 3667 1946 3710; x_wconf 90' lang='lat' dir='ltr'><strong>A.</strong></span> 
     </span>
    </p>
   </div>
  </div>
 </body>
</html>
