2606 4126
639 249 843 290 OFFICI
849 249 939 288 VM
968 248 1092 288 BEA
1105 246 1202 287 TAE
1239 246 1470 292 MARJAE
1512 248 1796 288 VIRGINIS.

263 343 348 395 Sit
411 343 551 395 salus
613 343 704 406 illi,
754 344 945 405 decuS,
1007 349 1174 407 atque

188 414 358 465 virtus
394 433 405 465 ι
441 413 549 480 Qui
588 414 744 480 supra
782 413 904 465 coeli
943 413 1174 463 residens

188 501 464 546 cacumen,
508 485 703 536 Totius
741 484 930 536 mundi
971 481 1175 534 machi-

189 572 319 676 ἔξω
357 556 628 622 gubernat
671 556 871 606 Trinus
920 561 976 605 et
1023 570 1175 605 vnus,

251 643 389 678 men.

332 801 387 858 (Ι
435 795 720 849 Commune
754 793 1044 861 virginum.

193 913 248 969 ΙΙ
288 908 391 959 Ad
418 907 759 959 matutinum.
787 905 1176 958 inuitatorium.

263 1014 474 1080 Regem
544 1013 816 1079 virginum
891 1012 1177 1063 dominum

190 1086 372 1136 venite
398 1085 702 1136 adoremus,

262 1218 515 1284 Hymnus
551 1219 631 1271 aa'
663 1219 988 1271 matutinum
1025 1227 1076 1270 et
1110 1219 1188 1270 ad

186 1290 431 1357 vesperas,

194 1398 502 1500 VIrginis
529 1397 707 1464 proles
741 1395 1040 1462 opifexque
1068 1413 1181 1446 ma-

336 1471 446 1530 tris,
484 1470 636 1535 virgo
680 1484 843 1534 quem
881 1468 1048 1534 gessit,
1088 1484 1180 1533 pe-

191 1540 440 1607 peritque
489 1540 657 1606 virgO,
696 1540 938 1605 Virginis
989 1538 1177 1589 festum

190 1612 436 1662 canimus
473 1611 781 1678 trophaeum
827 1609 1038 1677 Accipe
1087 1627 1180 1660 vo-

190 1690 322 1733 tum.

266 1754 406 1804 Haec
442 1761 538 1804 tua
574 1753 726 1820 virgo
766 1752 968 1819 duplici
1020 1752 1178 1804 beata

190 1824 354 1877 Sorte
371 1825 501 1876 dum
523 1824 681 1891 gestit
692 1823 937 1890 fragilem
956 1823 1180 1874 domare

193 1896 449 1962 Corporis
483 1896 689 1955 sexum,
726 1896 938 1946 domuit
979 1895 1181 1946 Cruen-

191 1975 308 2018 tum
338 1967 578 2034 Corpore
605 1966 815 2018 seclum.

262 2039 423 2090 Vnde
455 2055 553 2089 nec
588 2045 835 2096 mortem,
865 2054 963 2088 nec
1003 2038 1180 2088 amica

193 2110 382 2160 mortis
435 2109 597 2161 Saeua
642 2126 928 2176 poenarum
981 2125 1181 2174 genera

193 2181 499 2247 pauescenS‚
527 2180 806 2246 Sanguine
833 2179 945 2230 fuso
982 2181 1179 2230 meruit

194 2252 394 2303 secreta
422 2251 696 2304 Scandere
723 2252 861 2302 coeli.

267 2324 450 2374 Huius
476 2324 704 2374 obtentu
732 2324 865 2374 deus
892 2321 1037 2373 alme
1064 2321 1180 2372 nos-

194 2395 291 2445 tris
346 2394 511 2445 Parce
555 2395 663 2444 iam
704 2394 876 2461 culpis
928 2395 1061 2444 vitia
1100 2411 1178 2444 re-

195 2466 433 2527 mittens,
456 2465 581 2532 Quo
607 2465 706 2516 tibi
728 2466 847 2531 puri
869 2465 1179 2515 resonemus

194 2536 400 2587 almum
430 2534 668 2587 Perstoris
694 2536 975 2603 hymnum.

268 2607 455 2659 Gloria
486 2609 641 2675 patri,
681 2608 991 2674 genitaeque
1029 2607 1182 2674 proli,

196 2679 269 2730 Et
296 2679 394 2730 tibi
429 2696 653 2746 compar
675 2679 948 2745 Vtriusque
974 2679 1184 2745 semper

196 2751 430 2816 Spiritus
469 2750 613 2802 alme
662 2750 796 2801 deus
845 2767 983 2801 Vnus
1033 2750 1182 2800 omni

194 2822 467 2888 Tempore
494 2821 629 2874 secli.
703 2822 903 2873 Amen.

280 2996 335 3052 (I
382 2993 427 3044 S
432 2992 455 3043 i
476 2993 659 3058 fuerit
689 2992 843 3060 virgo
887 3000 1107 3058 martyr.

593 3105 795 3157 Oratio,

210 3211 662 3312 INdulgentiam
696 3211 852 3262 nobis
879 3212 1186 3278 quaesumus

300 3283 521 3333 domine
582 3283 745 3333 beata
793 3283 876 3334 .Ν.
930 3284 1081 3349 virgo
1133 3291 1187 3334 et

201 3361 409 3420 martyr
439 3353 704 3420 imploret,
732 3371 854 3420 quae
894 3354 990 3405 tibi
1029 3362 1186 3419 grata

201 3424 409 3491 semper
457 3424 644 3475 extitit
694 3433 748 3475 et
800 3425 994 3475 merito
1036 3425 1188 3475 casti-

200 3497 343 3558 tatis,
370 3503 425 3547 et
450 3504 560 3547 tuae
592 3495 910 3562 professione
936 3496 1148 3547 virtutis
1176 3516 1187 3547 :

199 3584 307 3633 per.

2153 233 2248 296 187

1346 344 1400 400 (I
1445 341 1518 393 Si
1536 341 1720 406 fuerit
1754 341 1906 407 virgo
1944 349 2170 394 tantum.

1655 451 1857 503 Oratio,

1373 542 1558 593 Xaudi
1633 559 1734 593 nos
1802 543 1937 593 deus
2005 541 2250 593 salutaris

1408 613 1598 673 noster,
1647 621 1705 664 vt
1767 613 1896 664 sicut
1951 613 2021 663 de
2072 613 2249 664 beatae

1262 684 1345 736 .N.
1396 683 1685 735 festiuitate
1738 684 2040 750 gaudemus
2104 702 2114 734 :
2176 684 2252 735 ita

1261 755 1366 821 piae
1383 755 1692 806 deuotionis
1709 756 2018 805 erudiamur
2034 753 2249 806 affeetu:

1263 842 1369 892 per.

1265 960 1320 1017 (I
1361 957 1429 1007 In
1494 956 1736 1008 omnibus
1788 956 2033 1022 sabbatis
2093 957 2254 1008 totius

1333 1028 1471 1079 anni
1489 1029 1570 1096 fit
1592 1027 1818 1095 officium
1855 1028 1920 1078 de
1955 1028 2103 1079 beata
2140 1029 2252 1079 vir-

1327 1099 1460 1167 gine
1518 1100 1668 1150 modo
1730 1099 2088 1166 infrascripto,
2153 1100 2254 1165 nisi

1323 1170 1524 1237 festum
1574 1178 1826 1231 occurrat,
1875 1170 2088 1235 exceptis
2122 1170 2249 1235 sab-

1338 1242 1455 1292 bato
1490 1242 1692 1307 saneto,
1729 1251 1780 1292 et
1800 1241 2045 1307 sabbatis
2080 1258 2251 1292 occur-

1338 1313 1574 1364 rentibus
1608 1313 1765 1378 infra
1791 1315 2004 1363 obtanas
2028 1312 2252 1363 Natiui-

1339 1384 1482 1446 tatis,
1543 1385 1599 1434 E
1589 1384 1875 1450 pzplzanioe,
1927 1384 2253 1449 Restcrrec‘ti-

1336 1455 1467 1516 onis,
1522 1456 1849 1522 PentecosteS,
1898 1464 1949 1506 et
2012 1454 2256 1521 Corporis

1341 1526 1551 1594 Christi,
1590 1527 1880 1592 Excipitur
1913 1526 2074 1577 etiam
2118 1526 2254 1577 Sab-

1338 1598 1517 1649 batum
1557 1599 1615 1648 in
1648 1615 1746 1664 quo
1781 1597 2030 1648 inciderit
2060 1597 2253 1663 vigilia

1338 1669 1672 1720 Natiuitatis
1690 1669 1923 1719 Domini.
1969 1668 2253 1720 Sciendum

1337 1740 1411 1807 est
1463 1749 1640 1791 autem
1701 1741 1845 1806 quod
1904 1740 1960 1790 in
2018 1739 2256 1806 stngulis

1335 1811 1482 1862 leoris
1541 1812 1721 1863 omnia
1781 1811 2036 1862 dicuntur
2090 1819 2150 1861 vt
2197 1811 2253 1861 in

1337 1883 1465 1948 alijs
1537 1882 1730 1944 diebus,
1802 1891 2005 1949 prater
2039 1920 2042 1921 γ
2077 1882 2253 1948 infra-

1323 1954 1541 2021 scripta.

1266 2091 1320 2146 11
1390 2086 1494 2137 Ad
1566 2087 1892 2139 matutinum
1969 2086 2252 2138 inuitator-

1697 2176 1823 2209 zum.

1288 2261 1406 2342 {³5}
1432 2272 1516 2322 Ve
1586 2271 1757 2321 maria
1827 2270 2002 2337 gratia
2077 2269 2251 2337 plena,

1394 2346 1404 2366 ³
1465 2343 1720 2395 dominus
1747 2350 1943 2394 tecum.

1443 2475 1698 2541 Hymnus
1734 2475 1792 2526 in
1829 2474 2075 2526 aduentu.

1383 2568 1527 2619 Vem
1579 2574 1735 2627 terra,
1787 2573 2003 2632 pontuS‚
2050 2564 2255 2615 aethera

1420 2638 1606 2690 colunt
1648 2655 1658 2689 :
1710 2638 1941 2688 adorant
1998 2653 2009 2687 ε
2061 2636 2255 2702 praedi-

1267 2718 1393 2762 cant
1444 2710 1670 2761 Trinam
1721 2716 2000 2775 regentem
2054 2707 2254 2758 machi-

1269 2800 1397 2833 nam
1428 2781 1730 2834 Claustrum
1761 2780 1951 2830 Mariae
1978 2779 2199 2830 baiulat.

1341 2854 1443 2906 Cui
1484 2852 1626 2913 luna,
1658 2851 1746 2912 sol,
1773 2858 1827 2901 et
1854 2850 2037 2901 omnia
2066 2849 2254 2899 Deser-

1270 2923 1425 2975 uiunt
1451 2941 1547 2990 per
1572 2931 1821 2989 tempora
1851 2939 1861 2972 ε
1891 2921 2104 2972 Perfusa
2131 2919 2253 2971 coeli

1269 2997 1445 3063 gratia
1470 2994 1681 3062 gestant
1708 2992 1902 3060 puellae
1929 2992 2140 3044 viscera.

1343 3068 1515 3117 Beata
1579 3073 1754 3115 mater
1815 3080 2051 3123 munere,
2102 3063 2254 3113 cuius

1271 3139 1528 3204 supernus
1579 3135 1791 3197 artifex,
1844 3135 2115 3185 Mundum
2156 3151 2252 3199 pu-

1269 3209 1401 3276 gillo
1428 3205 1749 3268 continens¹,
1769 3206 1993 3257 Ventris
2015 3205 2108 3255 sub
2130 3222 2254 3255 arca

1270 3280 1478 3332 clausus
1505 3279 1592 3330 est.

1345 3353 1515 3402 Beata
1559 3349 1681 3399 coeli
1722 3349 1932 3410 nuncio,
1974 3347 2255 3397 Foecunda

1270 3421 1453 3473 san6³m
1471 3422 1668 3487 spiritu,
1692 3420 2059 3485 Desyderatus
2080 3420 2254 3484 genti-

1270 3495 1372 3545 bus
1401 3494 1566 3545 Cuius
1593 3509 1688 3557 per
1713 3491 1899 3541 aluum
1927 3489 2068 3540 fusus
2095 3489 2184 3540 est.

1345 3565 1521 3615 Maria
1586 3571 1760 3614 mater
1821 3562 2025 3628 gratiae,
2078 3561 2257 3611 Mater

987 3704 1001 3731 ¹
1035 3705 1278 3749 conuersus
1304 3719 1311 3747 :
1348 3704 1394 3746 P.
1414 3703 1466 3746 A.
