2606 4126
298 214 430 307 *204
691 230 694 232 ’
836 237 1052 280 INDEX
1093 237 1215 278 TER
1223 237 1476 278 TJARUM
1507 237 1631 279 LEC
1638 237 1900 283 TJONUM.

323 330 619 384 Chrysogonus

324 385 449 425 Clara

324 439 518 479 Clemens

323 493 466 533 Cletus
495 499 536 533 et
566 492 836 533 Marcellinus

323 546 678 587 Commemoratio
699 547 818 587 Pauli

325 654 559 707 Conceptio
586 654 771 707 Virginis

323 708 551 749 Conversio
579 709 699 749 Pauli

324 762 541 803 Cornelius
568 768 609 803 et
639 752 872 814 Cyprianus

326 816 500 857 Cosmas
531 822 576 860 et
601 817 835 857 Damianus

325 938 534 979 Damasus

327 992 563 1033 Decollatio
592 992 764 1033 Ioannis
793 992 1006 1046 Baptistae

323 1099 548 1141 Dedicatio
574 1100 772 1141 basilicae
804 1100 1036 1142 Salvatoris

325 1154 548 1195 Dedicatio
575 1154 772 1195 basilicae
802 1154 914 1195 Petri
942 1161 983 1194 et
1014 1153 1132 1195 Pauli

325 1208 569 1261 Dionysius,
599 1209 794 1249 Rusticus
823 1215 864 1249 et
892 1208 1043 1249 caeteri

325 1263 572 1303 Dominicus

325 1383 535 1423 Exaltatio
563 1389 729 1424 sanctae
759 1383 903 1424 Crucis

325 1437 540 1479 Evaristus

324 1545 534 1586 Fabianus
563 1551 603 1586 et
635 1546 904 1586 Sebastianus

325 1654 442 1694 Felix

322 1708 566 1748 Franciscus

325 1816 547 1857 Gervasius
575 1825 616 1857 et
647 1816 860 1857 Protasius

325 1871 550 1923 Gregorius

326 1979 608 2031 Hieronymus

327 2033 523 2073 Hilarion
547 2034 676 2073 abbas

327 2087 515 2128 Hilarius
544 2087 763 2141 episcopus

324 2209 503 2250 Iacobus
531 2209 746 2263 apostolus

326 2318 485 2371 Iginius

325 2373 515 2425 Ignatius

326 2426 520 2466 Inventio
552 2426 596 2467 S.
627 2426 773 2467 Crucis

326 2482 507 2520 Ioannes
537 2481 751 2533 apostolus

326 2536 507 2575 Ioannes
535 2541 632 2574 ante
663 2541 824 2588 portam
856 2535 1047 2575 Latinam

326 2590 505 2629 Ioannes
533 2589 854 2641 Chrysostomus

325 2644 505 2684 Ioannes
533 2650 573 2684 et
604 2644 755 2684 Paulus

326 2698 481 2750 Ioseph

330 2752 516 2792 Isidorus

329 2806 515 2846 Iulianus
544 2811 584 2846 et
615 2805 759 2846 Eunus

328 2861 510 2901 Iustinus

327 2982 576 3023 Laurentius

329 3039 417 3078 Leo
446 3037 602 3090 primus

329 3092 417 3132 Leo
445 3090 650 3131 secundus

328 3147 458 3186 Linus

299 3209 306 3220 ²
327 3203 462 3240 Lucas

330 3255 460 3295 Lucia

329 3309 536 3349 Lucianus

329 3362 482 3403 Lucius
509 3374 620 3414 papa

327 3471 463 3511 Maria
491 3470 543 3508 ad
573 3468 689 3508 nives

329 3523 596 3565 Marcellinus
624 3529 664 3562 et
696 3523 840 3562 Petrus

327 3578 551 3620 Marcellus
579 3583 732 3628 martyr

329 3631 552 3673 Marcellus
580 3644 689 3683 papa

330 3690 498 3727 Marcus
525 3684 779 3737 evangelista

327 3744 493 3783 Marcus
521 3752 630 3792 papa

1154 1082 1163 1102 z
1220 1058 1378 1094 2—11;
1407 1045 1490 1085 xiv.
1510 1045 1659 1086 6—12.

1164 1099 1411 1140 Anastasius
1439 1113 1489 1140 ex
1517 1099 1604 1140 vita
1633 1099 1678 1141 S.
1710 1099 1767 1150 Sy
1769 1098 1923 1140 lvestri.

1105 3473 1108 3476 ⁴
1170 3468 1315 3508 Lectio
1343 3481 1393 3508 ex
1423 3468 1544 3507 Brev.
1577 3466 1701 3506 Rom.
1731 3467 1826 3507 Vet.

1166 384 1447 424 Mombritius.

1167 437 1344 478 Platina.

1164 492 1342 532 Platina.

1162 546 1297 599 Epist.
1323 546 1377 586 ad
1396 545 1607 586 Galatas'
1595 558 1623 586 1.
1652 559 1688 586 ι.
1745 546 1843 586 Act.
1863 545 2015 598 Apost.
2035 545 2110 586 uxii.
2134 545 2299 598 25-xii

1219 594 1553 652 Hieronymus,
1549 612 1640 652 cap.
1669 612 1709 639 v.

1166 707 1464 761 Hieronymus,
1494 719 1584 760 cap.
1601 720 1657 748 -ν,
1690 713 1731 748 et
1760 707 1857 747 Act.
1880 707 2040 760 Apost.
2067 707 2125 747 ix.
2155 718 2305 759 3--200
2362 698 2364 702 ’
2424 734 2446 762 9

1166 762 1332 802 Platina
1358 767 1400 802 et
1427 761 1595 802 caeteri.
2413 759 2418 767 “
2439 773 2446 782 ·

1163 937 1353 1032 ffiactiffiai·
1377 1004 1413 1038 2,
1442 1005 1487 1044 3;
1519 991 1671 1032 Matth.
1704 990 1763 1031 iii.
1784 1005 1833 1043 4;
1863 990 1964 1031 Luc.
1989 989 2049 1030 iii.
2073 999 2147 1041 15
2134 1020 2148 1040 ,
2177 989 2357 1031 Matth.

1168 1154 1329 1194 Eadem
1357 1153 1482 1195 lectio
1514 1161 1560 1194 ut
1590 1154 1633 1193 in
1666 1153 1801 1194 dedic.
1836 1152 1954 1193 basil.
1990 1151 2230 1194 Salvatoris.

1166 1382 1464 1423 Mombritius?

1166 1438 1197 1477 Ρ
1199 1437 1329 1477 latina
1356 1443 1398 1477 et
1425 1437 1685 1478 Anastasius.

1165 1546 1329 1586 Platina
1354 1551 1394 1585 et
1423 1545 1466 1586 S.
1496 1545 1746 1585 Ambrosius
1778 1544 1878 1585 Vita
1904 1545 1948 1586 S.
1981 1544 2144 1586 Sebast.
2177 1555 2271 1598 cap·
2299 1556 2447 1589 xnu-

1165 1600 1342 1694 Ριὲξὲἓ
1362 1599 1555 1640 Bolland.
1575 1610 1586 1638 ε
1616 1599 1683 1640 vel
1711 1604 1829 1652 gesta
1856 1599 1969 1652 apud
1999 1598 2178 1640 Surium.

1168 1817 1216 1910 {i
1246 1815 1497 1856 Ambrosius
1525 1816 1568 1856 in
1597 1815 1683 1856 vita
1711 1815 1938 1856 eorundem
1967 1815 2078 1868 apud
2109 1814 2362 1887 Surium..
2387 1835 2395 1842 ·
2427 1798 2496 1830 ‘

1219 1870 1343 1911 atina.
2430 1871 2436 1880 „

1166 2033 1269 2073 Vita
1295 2046 1321 2073 a
1350 2033 1505 2074 Sancto
1535 2033 1798 2084 Hieronymo
1828 2030 2118 2085 (Patrologia).

1164 2089 1183 2127 ?
1212 2088 1465 2128 Fortunatus
1492 2087 1605 2139 apud
1635 2086 1882 2128 Bollandist.
2417 2099 2478 2157 &251

1165 2209 1321 2249 Matth.
1344 2209 1408 2248 iv.
1444 2221 1510 2257 21,
1548 2221 1622 2256 22;
1661 2208 1758 2248 xvii.
1796 2221 1829 2248 1.
1892 2208 1995 2248 Luc.
2027 2207 2113 2247 viii.
2144 2218 2208 2260 51.
2267 2206 2498 2263 Matthgsssjja

1220 2277 1288 2303 xx.
1311 2276 1362 2304 20
1390 2268 1431 2303 et
1460 2262 1625 2303 caeteri.
2360 2260 2503 2319 ’,ῥέξ’-ι

1166 2317 1342 2357 Platina.
2372 2317 2378 2325 '⁷
2423 2314 2449 2337 ²²
2487 2318 2506 2331 ‘³

1169 2372 1453 2424 Hieronymus
1482 2384 1574 2423 cap.
1603 2371 1685 2411 xvi.

1168 2426 1333 2466 Platina
1359 2425 1404 2465 in
1432 2425 1533 2466 Vita
1562 2424 1607 2465 S.
1639 2424 1853 2477 Sylvestri.
2455 2446 2507 2496 ,ξ
2532 2451 2538 2454 -

1170 2480 1324 2520 Matth.
1353 2481 1407 2520 iv.
1442 2493 1507 2542 αξ,
1533 2492 1607 2525 22;
1637 2479 1735 2518 xvii.
1761 2491 1796 2518 1.
1855 2478 1958 2519 Luc.
1989 2477 2076 2519 viii.
2108 2489 2155 2531 51
2187 2483 2230 2520 et
2256 2475 2457 2521 caetu-i.

1166 2535 1264 2574 Act.
1296 2534 1447 2586 Apost
1477 2533 1534 2573 iii.
1569 2546 1610 2579 1;
1640 2533 1724 2573 viii.
1759 2546 1807 2584 14
1835 2539 1878 2572 et
1905 2533 2071 2573 caeteri.
2467 2530 2518 2558 “’·’-

1168 2588 1340 2630 Simeon
1369 2588 1676 2640 Metaphrastes
1704 2587 1814 2640 apud
1845 2587 2025 2628 Surium.

1164 2643 1277 2682 Ado.

1167 2695 1382 2736 Homiliae
1413 2696 1454 2736 S.
1487 2695 1688 2736 Bernardi
1717 2707 1841 2748 super
1868 2695 2030 2735 Massus
2056 2700 2126 2743 est,
2160 2707 2321 2750 11.15,
2356 2692 2443 2746 16.

1169 2772 1386 2853 Eusebius,
1419 2804 1494 2844 lib.
1523 2813 1590 2843 vx.
1619 2810 1712 2855 cap.
1742 2803 1852 2843 xxxi.
2464 2820 2466 2822 ’
2488 2804 2536 2857 fig]
2555 2837 2558 2846 „

1168 2859 1387 2904 Eusebius,
1417 2858 1490 2898 lib.
1523 2868 1587 2898 VI.
1621 2871 1713 2910 cap.
1743 2857 1826 2898 xvi.
2571 2873 2574 2878 *

1165 2980 1446 3033 Mombritius.

1167 3035 1344 3074 Platina.

1169 3090 1345 3128 Platina.

1166 3143 1344 3183 Platina.

1169 3198 1463 3249 Hieronymus,
1497 3209 1588 3249 cap.
1619 3196 1690 3237 vii.

1165 3252 1446 3291 Mombritius.

1163 3306 1380 3355 Eusebius,
1414 3305 1487 3344 lib.
1518 3314 1621 3345 V111.
1655 3317 1747 3357 cap.
1778 3304 1860 3344 xiv.
1891 3310 1932 3344 et
1960 3304 2033 3344 lib.
2067 3314 2132 3344 lx.
2161 3318 2255 3358 cap.
2283 3305 2337 3346 vi.

1165 3360 1343 3399 Platina.

1165 3523 1275 3562 Ado.

1167 3629 1343 3670 Platina.

1169 3684 1463 3735 Hieronymus,
1497 3696 1588 3736 cap.
1618 3683 1704 3722 viii.

1167 3738 1342 3778 Platina.
