2606 4126
1069 278 1232 318 SEPT
1224 278 1268 317 E
1270 278 1405 317 MBE
1408 279 1457 318 R.

232 374 619 427 Thebanorum
657 372 838 442 legio¹‚
867 392 989 441 quae
1016 391 1048 426 a
1074 374 1219 425 The-

230 446 312 496 bis
346 445 602 512 aegyptijs
638 447 789 497 missa
823 446 998 496 fuerat
1034 463 1066 496 a
1099 445 1220 495 reli-

229 533 338 582 quo
365 517 584 582 agmine
611 537 621 568 :
646 533 715 567 ne
742 517 923 584 impijs
951 515 1220 581 sacrificijs

175 591 182 599 ‘
230 588 514 648 interesset,
555 587 792 639 discessit.
883 588 1009 654 Quo
1047 587 1220 637 anim-

228 658 453 708 aduerso
499 659 877 709 Maximianus
922 658 1216 708 denuncia-

228 736 346 778 tum
373 729 449 779 eis
476 730 660 790 mittit,
686 736 746 780 vt
773 730 807 779 s1
836 729 886 779 se
913 729 1086 779 saluos
1114 729 1217 778 esse

140 807 144 811 ⁴
227 799 412 858 velint,
439 800 685 865 protinus
714 801 767 850 in
795 800 966 850 castra
993 801 1216 850 redeant

227 870 302 920 ad‘
338 870 605 921 sacrificia.
682 871 769 921 Illi
806 871 856 921 se
884 871 1214 922 Christianos

227 940 332 990 esse
369 941 706 1007 respondent,
735 949 789 992 et
827 959 859 992 a
898 942 1100 992 talibus
1138 941 1215 991 sa-

228 1011 443 1076 crificijs
478 1012 756 1078 religione,
783 1030 815 1063 a
849 1030 957 1078 qua
991 1012 1215 1062 minime

227 1081 320 1132 fibi
348 1083 476 1134 esset
502 1082 903 1144 discedendum,
925 1083 1213 1150 prohiberi.

226 1153 454 1218 proinde
480 1155 686 1219 precari
714 1155 1113 1220 imperatorem,
1132 1171 1214 1215 ne,

226 1225 373 1289 quod
402 1225 522 1291 ipsis
555 1225 706 1276 nefas
737 1226 880 1287 esset,
907 1227 1211 1292 imperaret.

226 1295 384 1346 Tunc
406 1295 774 1347 maximianus
793 1298 1055 1347 maiorem
1077 1298 1212 1346 iram

226 1367 368 1427 odio,
397 1366 588 1433 quem2
614 1368 668 1417 in
705 1368 1035 1420 Christianos
1062 1385 1213 1434 gere-

224 1437 335 1498 bat,
380 1437 716 1504 suggerente,
756 1439 1066 1500 ThebanOS‚
1117 1439 1209 1505 qui

226 1525 452 1559 numero
483 1517 638 1560 erant
672 1511 749 1561 ad
779 1510 871 1560 sex
900 1510 1069 1561 millia
1095 1511 1212 1561 sex-

225 1581 368 1630 centi
404 1580 689 1647 sexaginta
721 1581 828 1642 sex,
858 1582 1089 1632 immisso
1116 1599 1213 1632 ex-

219 1651 393 1702 ercitu
431 1669 626 1718 poenas
658 1653 787 1703 dare
822 1654 971 1704 iubet
998 1654 1212 1703 decimo

223 1738 443 1788 quoque
460 1723 742 1775 trucidato
783 1723 965 1790 Quam
989 1742 1211 1791 poenam

224 1793 385 1844 semel
418 1801 471 1844 et
499 1795 694 1845 iterum
722 1795 994 1846 christiani
1023 1796 1212 1856 subire,

224 1872 279 1914 et
344 1866 567 1931 quidem
620 1866 853 1918 libenter
903 1866 1213 1917 maluerunt

223 1934 445 1987 au&ore
497 1938 769 1998 Maurstio,
819 1955 983 2004 quam
1043 1939 1211 2004 impia

220 2007 488 2073 imperata
505 2008 692 2060 facere.
737 2009 1011 2060 Postremo
1030 2009 1213 2059 Maxi-

222 2079 406 2129 miano
433 2097 542 2130 non
571 2080 775 2131 ferente
802 2081 1210 2131 christianorum

221 2150 595 2211 constantiam,
641 2151 868 2202 vniuersi
919 2169 951 2202 a
1002 2152 1210 2218 reliquo

221 2223 465 2272 exercitu
494 2222 635 2273 illius
663 2223 890 2289 imperio
917 2223 1212 2273 concidun-

217 2299 319 2345 tur.
395 2293 469 2344 Et
518 2294 586 2344 s1c
636 2294 1025 2345 Thebanorum
1067 2294 1210 2359 legio

221 2365 291 2414 ad
344 2364 616 2415 coelestem
668 2365 919 2416 militiam
983 2366 1209 2415 commi-

219 2437 399 2502 grauit
424 2437 640 2487 decimo
660 2437 918 2488 calendas
938 2435 1208 2489 OffitobriS.

619 2572 818 2624 Oratz'O.

221 2663 462 2765 ANnue
500 2664 807 2731 quaesumus
859 2665 1210 2731 omnipotens

363 2736 517 2797 deuS‚
550 2744 608 2786 vt
654 2734 959 2786 san<9corum
1006 2744 1209 2802 marty-

219 2823 337 2857 rum
365 2814 582 2858 tuorum
606 2807 846 2872 Mauritij
871 2815 924 2858 et
946 2808 1207 2858 sociorum

220 2878 349 2940 eius,
370 2896 469 2929 nos
497 2878 737 2929 laetificet
764 2878 953 2929 festiua
980 2874 1210 2929 solenni-

219 2957 305 2999 tas
355 2966 366 3000 :
407 2957 463 3001 et
506 2967 736 3016 quorum
783 2950 1045 3016 suffragijs
1085 2951 1209 3000 niti-

219 3037 369 3072 mur:
390 3038 577 3072 eorum
600 3021 864 3087 natalitijs
885 3022 1210 3088 gloriemur:

219 3109 329 3158 per.

221 3228 275 3284 (I
298 3224 477 3276 Linus
478 3233 623 3292 papa
644 3233 860 3290 martyr.
888 3225 1068 3276 Lec‘Zz'o
1085 3223 1210 3292 ,z'z'j³.

230 3318 419 3422 Enus
453 3335 608 3399 ’papa
653 3320 875 3399 natione
917 3318 1095 3369 tuscus
1138 3319 1208 3369 ab

367 3391 560 3440 vltimo
601 3390 833 3440 Neroms
871 3406 1016 3440 anno
1046 3390 1209 3455 Vsque

131 3474 137 3480 '
221 3463 290 3516 ad
317 3461 609 3528 vespasiani
642 3469 892 3527 tempora
924 3460 1211 3527 pontifica-

304 3613 321 3641 1
351 3613 532 3669 legione
562 3628 570 3655 :
596 3614 644 3656 P.

306 3671 323 3698 ²
354 3672 480 3726 quod
508 3685 517 3713 :
544 3672 588 3713 P.

305 3730 322 3757 3
355 3730 444 3772 Die
467 3741 518 3783 23
545 3730 592 3771 in
616 3743 672 3771 m.

2192 274 2289 328 157

1303 381 1421 425 tum
1461 374 1668 440 primus
1707 374 1823 441 post
1864 376 2082 425 Petrum
2123 376 2288 441 gessit,

1303 445 1560 496 hortante
1586 446 1655 496 ad
1684 446 1737 496 id
1766 445 2087 496 humilitatis
2113 447 2290 510 gratia

1306 515 1604 578 Clemente,
1646 517 1739 582 qui
1783 524 2009 583 quartus
2050 533 2082 566 a
2128 518 2289 567 Petro

1305 587 1522 652 praefuit
1548 586 1795 637 ecclesiae.
1849 587 2116 653 Quamuis
2144 588 2288 637 enim

1306 657 1414 723 ipse
1441 675 1473 708 a
1501 659 1661 708 Petro
1689 657 1782 708 fibi
1811 658 2068 708 successor
2089 655 2290 707 fuisset⁴¹

1298 728 1728 791 destinatus,lne
1783 736 1969 778 tamen
2016 727 2290 779 videretur

1301 799 1585 849 ambitiose
1629 816 1803 865 agere,
1858 799 2000 849 Lino
2051 799 2286 864 primum

1301 871 1458 931 cessit,
1488 870 1688 920 deinde
1728 869 1900 920 CletO.
1980 870 2150 919 Linus
2190 870 2287 935 igi-

1299 948 1387 990 tur
1412 958 1537 991 cum
1564 942 1652 991 dei
1674 940 1948 991 ecclesiam
1972 938 2288 990 sanstissime

1299 1011 1685 1073 moderaretur,
1706 1012 1946 1073 instituit,
1966 1028 2144 1078 nequa
2170 1028 2288 1061 mu-

1298 1081 1394 1132 lier
1438 1083 1530 1133 nis1
1574 1083 1755 1134 velato
1795 1084 1973 1148 capite
2017 1082 2286 1148 templum

1298 1153 1681 1220 ingrederetur.
1726 1155 1992 1220 Idemque
2011 1171 2094 1204 res
2110 1153 2287 1219 gestas

1297 1225 1444 1275 beati
1483 1226 1643 1285 Petri,
1673 1225 1951 1291 presertim
1984 1233 2174 1275 contra
2204 1224 2287 1276 Si-

1298 1313 1519 1346 monem
1559 1313 1800 1362 magum,
1841 1296 2130 1363 diligenter
2166 1311 2287 1361 per-

1297 1367 1509 1433 scripsit.
1584 1368 1767 1418 Tanta
1815 1374 1931 1418 erat
1981 1367 2139 1417 huius
2188 1367 2287 1416 viri

1297 1436 1550 1489 sancffitas
1589 1446 1644 1489 et
1683 1438 1831 1499 fides,
1870 1446 1928 1489 vt
1966 1455 2075 1488 non
2115 1436 2286 1488 solum

1298 1510 1581 1560 daemones
1625 1509 1856 1575 fugaret,
1900 1509 1987 1560 sed
2041 1516 2287 1560 mortuos

1297 1581 1462 1631 etiam
1503 1582 1557 1631 in
1595 1582 1764 1631 vitam
1805 1581 2098 1632 reduceret.
2175 1580 2286 1632 Sed

1297 1651 1582 1702 hominum
1604 1653 1865 1714 caecitate,
1886 1652 2167 1717 cordisque
2188 1652 2286 1702 du-

1298 1724 1434 1782 ritia,
1461 1721 1665 1774 fa&um
1705 1723 1793 1784 est,
1819 1731 1878 1774 vt
1917 1740 1949 1773 a
1989 1723 2286 1774 Saturnino

1298 1794 1515 1845 consule
1548 1815 1557 1846 :
1589 1795 1740 1844 cuius
1768 1794 1935 1844 filiam
1964 1811 1996 1844 a
2022 1794 2288 1844 daemoni-

1296 1865 1396 1915 bus
1423 1866 1762 1926 liberauerat,
1779 1865 1999 1931 capitali
2026 1864 2288 1930 supplicio

1297 1937 1369 1987 ob
1399 1937 1591 1988 Christi
1618 1936 1781 1987 fidem
1809 1935 2124 1987 afficeretur.
2190 1936 2287 1987 Se-

1299 2008 1484 2073 pultus
1512 2008 1586 2058 est
1613 2015 1797 2057 autem
1826 2008 1984 2058 iuxta
2010 2007 2157 2058 beati
2187 2006 2286 2057 Pe-

1299 2080 1366 2129 tri
1403 2096 1598 2145 corpus
1633 2080 1706 2130 ix,
1733 2079 1988 2129 calendas
2017 2075 2287 2139 Οξὶοῦῐίε,

1297 2167 1422 2218 cum
1469 2151 1676 2201 sedisset
1728 2167 1900 2200 annos
1951 2149 2024 2215 xj.
2076 2149 2287 2200 menses

1296 2222 1382 2288 .iij.
1410 2222 1526 2272 dies
1553 2221 1660 2287 .xij.

1297 2358 1352 2414 {1
1382 2353 1592 2419 Cosmas
1616 2361 1665 2404 et
1683 2353 1993 2404 Damiamts
2013 2360 2285 2418 martyres:

1594 2425 1774 2475 Lec‘lio
1801 2424 1957 2475 tertia
1967 2423 1996 2475 ⁵.

1398 2531 1591 2583 Osmas
1641 2538 1695 2581 et
1747 2530 2053 2581 Damianus
2094 2529 2284 2581 fratres

1431 2604 1485 2653 in
1512 2602 1724 2668 Aegaea
1744 2602 1873 2652 vrbe
1899 2601 2124 2651 Arabiae
2152 2603 2283 2662 nati,

1297 2691 1613 2741 quanquam
1651 2680 1805 2724 erant
1844 2680 1960 2723 arte
1999 2673 2284 2723 medicinae

1297 2744 1445 2797 dosii
1482 2745 1655 2811 magis
1683 2752 1868 2795 tamen
1898 2743 2091 2796 Christi
2118 2745 2283 2795 virtu-

1298 2826 1352 2869 te
1391 2817 1655 2867 sanabant
1693 2833 1885 2866 omnes
1925 2814 2283 2865 infirmitates.

1297 2889 1459 2954 Quod
1482 2888 1707 2938 audiens
1728 2887 1913 2951 Lysias
1934 2886 2127 2952 praeses
2150 2887 2284 2936 Dio-

1295 2961 1530 3011 cletiano
1569 2967 1623 3009 et
1663 2958 2010 3008 Maximiano
2051 2957 2284 3022 impera-

1294 3033 1519 3091 toribus,
1544 3030 1742 3080 adduci
1787 3046 1880 3079 eos
1919 3029 1987 3078 ad
2028 3027 2078 3078 se
2117 3029 2282 3079 iubet.

1299 3104 1407 3170 Qui
1447 3119 1571 3152 cum
1611 3101 1680 3151 ab
1720 3117 1784 3150 eo
1824 3099 2142 3164 interrogati
2184 3116 2283 3149 no-

1298 3176 1446 3226 mina
1473 3193 1482 3223 :
1510 3173 1758 3238 patriam,
1776 3178 1829 3220 et
1857 3170 2173 3235 religionem
2201 3171 2280 3220 in-

1293 3243 1614 3297 cunftanter
1651 3238 2053 3307 exposuissent⁶,
2087 3258 2283 3292 manus

1293 3316 1564 3384 pedesq-ue
1625 3310 1804 3373 vin&
1854 3312 2112 3378 quoniam
2178 3313 2282 3378 dijs

1293 3387 1587 3439 sacrificare
1649 3384 2038 3445 recusauerant,
2089 3383 2280 3434 imma-

1294 3460 1496 3509 nisfime
1531 3463 1870 3522 torquentur,
1901 3454 2009 3506 Sed
2049 3471 2175 3504 cum
2203 3455 2280 3506 vi-

1378 3609 1395 3636 4
1427 3608 1510 3652 fuit
1539 3624 1547 3652 :
1572 3609 1619 3651 P.
1639 3608 1692 3649 A.

1377 3668 1394 3693 ⁵
1426 3667 1500 3709 die
1523 3677 1589 3718 27.
1613 3667 1664 3707 in
1687 3679 1742 3707 m.

1379 3726 1395 3751 ὅ
1427 3724 1688 3780 exposuisset
1715 3738 1722 3765 :
1748 3724 1795 3765 P.
