<?xml version="1.0" encoding="UTF-8"?>
<!DOCTYPE html PUBLIC "-//W3C//DTD XHTML 1.0 Transitional//EN"
    "http://www.w3.org/TR/xhtml1/DTD/xhtml1-transitional.dtd">
<html xmlns="http://www.w3.org/1999/xhtml" xml:lang="en" lang="en">
 <head>
  <title>
</title>
<meta http-equiv="Content-Type" content="text/html;charset=utf-8" />
  <meta name='ocr-system' content='tesseract 3.04.00' />
  <meta name='ocr-capabilities' content='ocr_page ocr_carea ocr_par ocr_line ocrx_word'/>
</head>
<body>
  <div class='ocr_page' id='page_1' title='image "./secondrecensiono00cathuoft_0212.png"; bbox 0 0 2606 4126; ppageno 0'>
   <div class='ocr_carea' id='block_1_1' title="bbox 299 258 397 309">
    <p class='ocr_par' dir='ltr' id='par_1_1' title="bbox 299 258 397 309">
     <span class='ocr_line' id='line_1_1' title="bbox 299 258 397 309; baseline -0.01 -13"><span class='ocrx_word' id='word_1_1' title='bbox 299 258 397 309; x_wconf 87' lang='lat'>152</span> 
     </span>
    </p>
   </div>
   <div class='ocr_carea' id='block_1_2' title="bbox 297 348 1302 569">
    <p class='ocr_par' dir='ltr' id='par_1_2' title="bbox 297 348 1302 569">
     <span class='ocr_line' id='line_1_2' title="bbox 299 348 1302 411; baseline -0.012 0"><span class='ocrx_word' id='word_1_2' title='bbox 299 359 447 411; x_wconf 92' lang='lat' dir='ltr'>mine</span> <span class='ocrx_word' id='word_1_3' title='bbox 489 354 804 409; x_wconf 83' lang='lat' dir='ltr'>veneranda</span> <span class='ocrx_word' id='word_1_4' title='bbox 849 352 1113 405; x_wconf 87' lang='lat' dir='ltr'>festiuitas</span> <span class='ocrx_word' id='word_1_5' title='bbox 1165 348 1302 401; x_wconf 91' lang='lat' dir='ltr'>salu-</span> 
     </span>
     <span class='ocr_line' id='line_1_3' title="bbox 297 421 1301 495; baseline -0.01 -13"><span class='ocrx_word' id='word_1_6' title='bbox 297 432 431 483; x_wconf 89' lang='lat' dir='ltr'>taris</span> <span class='ocrx_word' id='word_1_7' title='bbox 482 428 671 495; x_wconf 88' lang='lat' dir='ltr'>auxilij</span> <span class='ocrx_word' id='word_1_8' title='bbox 733 427 893 479; x_wconf 89' lang='lat' dir='ltr'>nobis</span> <span class='ocrx_word' id='word_1_9' title='bbox 950 423 1170 493; x_wconf 61' lang='lat' dir='ltr'>praestet</span> <span class='ocrx_word' id='word_1_10' title='bbox 1225 421 1301 473; x_wconf 90' lang='lat' dir='ltr'>ef-</span> 
     </span>
     <span class='ocr_line' id='line_1_4' title="bbox 299 500 1005 569; baseline -0.007 -14"><span class='ocrx_word' id='word_1_11' title='bbox 299 501 505 555; x_wconf 72' lang='grc'><strong>16613111</strong></span> <span class='ocrx_word' id='word_1_12' title='bbox 537 519 548 553; x_wconf 88' lang='lat'>:</span> <span class='ocrx_word' id='word_1_13' title='bbox 576 518 675 569; x_wconf 88' lang='lat' dir='ltr'>per</span> <span class='ocrx_word' id='word_1_14' title='bbox 701 500 1005 552; x_wconf 91' lang='lat' dir='ltr'>dominum.</span> 
     </span>
    </p>
   </div>
   <div class='ocr_carea' id='block_1_3' title="bbox 597 608 1009 664">
    <p class='ocr_par' dir='ltr' id='par_1_3' title="bbox 597 608 1009 664">
     <span class='ocr_line' id='line_1_5' title="bbox 597 608 1009 664; baseline -0.01 0"><span class='ocrx_word' id='word_1_15' title='bbox 597 611 779 664; x_wconf 67' lang='lat' dir='ltr'>Lec‘Zz&#39;o</span> <span class='ocrx_word' id='word_1_16' title='bbox 807 609 966 663; x_wconf 75' lang='lat' dir='ltr'>tertia</span> <span class='ocrx_word' id='word_1_17' title='bbox 981 608 1009 660; x_wconf 88' lang='lat'>¹.</span> 
     </span>
    </p>
   </div>
   <div class='ocr_carea' id='block_1_4' title="bbox 300 701 1312 3659">
    <p class='ocr_par' dir='ltr' id='par_1_4' title="bbox 300 701 1312 3659">
     <span class='ocr_line' id='line_1_6' title="bbox 309 701 1300 810; baseline -0.011 -50"><span class='ocrx_word' id='word_1_18' title='bbox 309 708 593 810; x_wconf 80' lang='lat' dir='ltr'>IOannes</span> <span class='ocrx_word' id='word_1_19' title='bbox 646 703 790 755; x_wconf 88' lang='lat' dir='ltr'>filius</span> <span class='ocrx_word' id='word_1_20' title='bbox 846 701 1114 754; x_wconf 85' lang='lat' dir='ltr'>zachariae</span> <span class='ocrx_word' id='word_1_21' title='bbox 1173 716 1300 751; x_wconf 91' lang='lat' dir='ltr'>cum</span> 
     </span>
     <span class='ocr_line' id='line_1_7' title="bbox 403 773 1300 830; baseline -0.01 0"><span class='ocrx_word' id='word_1_22' title='bbox 403 776 610 830; x_wconf 62' lang='lat' dir='ltr'>fafitum</span> <span class='ocrx_word' id='word_1_23' title='bbox 651 777 781 827; x_wconf 92' lang='lat' dir='ltr'>esset</span> <span class='ocrx_word' id='word_1_24' title='bbox 819 774 1047 826; x_wconf 89' lang='lat' dir='ltr'>verbum</span> <span class='ocrx_word' id='word_1_25' title='bbox 1091 773 1300 823; x_wconf 86' lang='lat' dir='ltr'>domini</span> 
     </span>
     <span class='ocr_line' id='line_1_8' title="bbox 301 845 1302 919; baseline -0.01 -16"><span class='ocrx_word' id='word_1_26' title='bbox 301 852 461 919; x_wconf 93' lang='lat' dir='ltr'>super</span> <span class='ocrx_word' id='word_1_27' title='bbox 500 850 674 917; x_wconf 90' lang='lat' dir='ltr'>ipsum</span> <span class='ocrx_word' id='word_1_28' title='bbox 715 849 768 898; x_wconf 88' lang='lat' dir='ltr'>in</span> <span class='ocrx_word' id='word_1_29' title='bbox 811 847 1036 907; x_wconf 90' lang='lat' dir='ltr'>desert0‚</span> <span class='ocrx_word' id='word_1_30' title='bbox 1077 845 1302 896; x_wconf 90' lang='lat' dir='ltr'>indutus</span> 
     </span>
     <span class='ocr_line' id='line_1_9' title="bbox 300 916 1304 987; baseline -0.01 -12"><span class='ocrx_word' id='word_1_31' title='bbox 300 924 628 975; x_wconf 88' lang='lat' dir='ltr'>vestimento</span> <span class='ocrx_word' id='word_1_32' title='bbox 649 938 721 971; x_wconf 86' lang='lat' dir='ltr'>ex</span> <span class='ocrx_word' id='word_1_33' title='bbox 744 920 867 987; x_wconf 85' lang='lat' dir='ltr'>pilis</span> <span class='ocrx_word' id='word_1_34' title='bbox 889 916 1226 969; x_wconf 90' lang='lat' dir='ltr'>camelorum</span> <span class='ocrx_word' id='word_1_35' title='bbox 1248 922 1304 966; x_wconf 93' lang='lat' dir='ltr'>et</span> 
     </span>
     <span class='ocr_line' id='line_1_10' title="bbox 302 989 1302 1062; baseline -0.01 -15"><span class='ocrx_word' id='word_1_36' title='bbox 302 1013 442 1047; x_wconf 88' lang='lat' dir='ltr'>zona</span> <span class='ocrx_word' id='word_1_37' title='bbox 470 993 712 1062; x_wconf 88' lang='lat' dir='ltr'>pellicea,</span> <span class='ocrx_word' id='word_1_38' title='bbox 739 992 892 1042; x_wconf 89' lang='lat' dir='ltr'>venit</span> <span class='ocrx_word' id='word_1_39' title='bbox 919 992 974 1041; x_wconf 93' lang='lat' dir='ltr'>in</span> <span class='ocrx_word' id='word_1_40' title='bbox 1003 989 1302 1056; x_wconf 83' lang='lat' dir='ltr'><strong>regionem,</strong></span> 
     </span>
     <span class='ocr_line' id='line_1_11' title="bbox 301 1060 1300 1135; baseline -0.009 -16"><span class='ocrx_word' id='word_1_41' title='bbox 301 1085 470 1135; x_wconf 89' lang='lat' dir='ltr'>quam</span> <span class='ocrx_word' id='word_1_42' title='bbox 547 1064 791 1116; x_wconf 84' lang='lat' dir='ltr'>interluit</span> <span class='ocrx_word' id='word_1_43' title='bbox 869 1062 1138 1124; x_wconf 91' lang='lat' dir='ltr'>Iordanis,</span> <span class='ocrx_word' id='word_1_44' title='bbox 1208 1060 1300 1111; x_wconf 84' lang='lat' dir='ltr'>vbi</span> 
     </span>
     <span class='ocr_line' id='line_1_12' title="bbox 302 1131 1301 1201; baseline -0.011 -9"><span class='ocrx_word' id='word_1_45' title='bbox 302 1139 545 1193; x_wconf 89' lang='lat' dir='ltr'>Christus</span> <span class='ocrx_word' id='word_1_46' title='bbox 597 1137 667 1188; x_wconf 89' lang='lat' dir='ltr'>ab</span> <span class='ocrx_word' id='word_1_47' title='bbox 719 1154 784 1187; x_wconf 92' lang='lat' dir='ltr'>eo</span> <span class='ocrx_word' id='word_1_48' title='bbox 839 1134 1153 1201; x_wconf 90' lang='lat' dir='ltr'>baptizatus</span> <span class='ocrx_word' id='word_1_49' title='bbox 1211 1131 1301 1191; x_wconf 89' lang='lat' dir='ltr'>est,</span> 
     </span>
     <span class='ocr_line' id='line_1_13' title="bbox 300 1205 1303 1279; baseline -0.009 -16"><span class='ocrx_word' id='word_1_50' title='bbox 300 1211 607 1279; x_wconf 81' lang='lat' dir='ltr'>praedicans</span> <span class='ocrx_word' id='word_1_51' title='bbox 649 1207 982 1275; x_wconf 87' lang='lat' dir='ltr'>baptismum</span> <span class='ocrx_word' id='word_1_52' title='bbox 1029 1205 1303 1272; x_wconf 86' lang='lat' dir='ltr'>poeniten-</span> 
     </span>
     <span class='ocr_line' id='line_1_14' title="bbox 301 1281 1303 1345; baseline -0.009 -10"><span class='ocrx_word' id='word_1_53' title='bbox 301 1285 409 1345; x_wconf 81' lang='lat' dir='ltr'>tiae,</span> <span class='ocrx_word' id='word_1_54' title='bbox 441 1291 496 1333; x_wconf 93' lang='lat' dir='ltr'>et</span> <span class='ocrx_word' id='word_1_55' title='bbox 535 1281 895 1332; x_wconf 81' lang='lat' dir='ltr'>remissionem</span> <span class='ocrx_word' id='word_1_56' title='bbox 935 1285 1303 1345; x_wconf 90' lang='lat' dir='ltr'>peccatorum.</span> 
     </span>
     <span class='ocr_line' id='line_1_15' title="bbox 303 1349 1303 1419; baseline -0.008 -13"><span class='ocrx_word' id='word_1_57' title='bbox 303 1355 672 1419; x_wconf 83' lang='lat' dir='ltr'>Existimante</span> <span class='ocrx_word' id='word_1_58' title='bbox 700 1359 886 1403; x_wconf 90' lang='lat' dir='ltr'>autem</span> <span class='ocrx_word' id='word_1_59' title='bbox 909 1350 1134 1417; x_wconf 84' lang='lat' dir='ltr'>popuIO,</span> <span class='ocrx_word' id='word_1_60' title='bbox 1154 1349 1303 1415; x_wconf 88' lang='lat' dir='ltr'>quod</span> 
     </span>
     <span class='ocr_line' id='line_1_16' title="bbox 302 1422 1305 1495; baseline -0.009 -16"><span class='ocrx_word' id='word_1_61' title='bbox 302 1428 413 1495; x_wconf 89' lang='lat' dir='ltr'>ipse</span> <span class='ocrx_word' id='word_1_62' title='bbox 441 1427 570 1478; x_wconf 92' lang='lat' dir='ltr'>esset</span> <span class='ocrx_word' id='word_1_63' title='bbox 600 1424 857 1485; x_wconf 89' lang='lat' dir='ltr'>Christus,</span> <span class='ocrx_word' id='word_1_64' title='bbox 877 1423 1022 1473; x_wconf 84' lang='lat' dir='ltr'>dixit</span> <span class='ocrx_word' id='word_1_65' title='bbox 1053 1422 1305 1481; x_wconf 90' lang='lat' dir='ltr'>Ioannes,</span> 
     </span>
     <span class='ocr_line' id='line_1_17' title="bbox 305 1494 1305 1567; baseline -0.01 -15"><span class='ocrx_word' id='word_1_66' title='bbox 305 1502 429 1567; x_wconf 89' lang='lat' dir='ltr'>Ego</span> <span class='ocrx_word' id='word_1_67' title='bbox 471 1498 696 1565; x_wconf 88' lang='lat' dir='ltr'>quidem</span> <span class='ocrx_word' id='word_1_68' title='bbox 739 1513 885 1562; x_wconf 84' lang='lat' dir='ltr'>aqua</span> <span class='ocrx_word' id='word_1_69' title='bbox 925 1494 1150 1562; x_wconf 86' lang='lat' dir='ltr'>baptizo</span> <span class='ocrx_word' id='word_1_70' title='bbox 1191 1510 1305 1554; x_wconf 87' lang='lat' dir='ltr'>VOS,</span> 
     </span>
     <span class='ocr_line' id='line_1_18' title="bbox 301 1565 1304 1628; baseline -0.009 -4"><span class='ocrx_word' id='word_1_71' title='bbox 301 1572 486 1624; x_wconf 89' lang='lat' dir='ltr'>veniet</span> <span class='ocrx_word' id='word_1_72' title='bbox 532 1577 718 1620; x_wconf 92' lang='lat' dir='ltr'>autem</span> <span class='ocrx_word' id='word_1_73' title='bbox 765 1567 956 1618; x_wconf 89' lang='lat' dir='ltr'>fortior</span> <span class='ocrx_word' id='word_1_74' title='bbox 1001 1583 1104 1628; x_wconf 93' lang='lat' dir='ltr'>me,</span> <span class='ocrx_word' id='word_1_75' title='bbox 1150 1565 1304 1616; x_wconf 90' lang='lat' dir='ltr'>cuius</span> 
     </span>
     <span class='ocr_line' id='line_1_19' title="bbox 304 1637 1304 1707; baseline -0.009 -11"><span class='ocrx_word' id='word_1_76' title='bbox 304 1662 415 1696; x_wconf 88' lang='lat' dir='ltr'>non</span> <span class='ocrx_word' id='word_1_77' title='bbox 469 1642 583 1693; x_wconf 92' lang='lat' dir='ltr'>sum</span> <span class='ocrx_word' id='word_1_78' title='bbox 635 1641 835 1707; x_wconf 89' lang='lat' dir='ltr'>dignus</span> <span class='ocrx_word' id='word_1_79' title='bbox 882 1639 1090 1689; x_wconf 88' lang='lat' dir='ltr'>soluere</span> <span class='ocrx_word' id='word_1_80' title='bbox 1142 1637 1304 1688; x_wconf 88' lang='lat' dir='ltr'>corri-</span> 
     </span>
     <span class='ocr_line' id='line_1_20' title="bbox 303 1710 1305 1783; baseline -0.007 -16"><span class='ocrx_word' id='word_1_81' title='bbox 303 1718 453 1783; x_wconf 88' lang='lat' dir='ltr'>giam</span> <span class='ocrx_word' id='word_1_82' title='bbox 490 1713 855 1773; x_wconf 78' lang='lat' dir='ltr'>calciamenti,</span> <span class='ocrx_word' id='word_1_83' title='bbox 893 1711 1003 1778; x_wconf 89' lang='lat' dir='ltr'>ipse</span> <span class='ocrx_word' id='word_1_84' title='bbox 1038 1729 1137 1762; x_wconf 86' lang='lat' dir='ltr'>vos</span> <span class='ocrx_word' id='word_1_85' title='bbox 1170 1710 1305 1776; x_wconf 89' lang='lat' dir='ltr'>bap-</span> 
     </span>
     <span class='ocr_line' id='line_1_21' title="bbox 303 1782 1306 1852; baseline -0.006 -12"><span class='ocrx_word' id='word_1_86' title='bbox 303 1789 496 1840; x_wconf 86' lang='lat' dir='ltr'>tizabit</span> <span class='ocrx_word' id='word_1_87' title='bbox 524 1788 577 1837; x_wconf 92' lang='lat' dir='ltr'>in</span> <span class='ocrx_word' id='word_1_88' title='bbox 617 1785 802 1852; x_wconf 89' lang='lat' dir='ltr'>spiritu</span> <span class='ocrx_word' id='word_1_89' title='bbox 842 1782 1042 1844; x_wconf 71' lang='grc'><strong>1311610,</strong></span> <span class='ocrx_word' id='word_1_90' title='bbox 1073 1790 1128 1833; x_wconf 87' lang='grc'>61</span> <span class='ocrx_word' id='word_1_91' title='bbox 1165 1783 1306 1849; x_wconf 90' lang='lat' dir='ltr'>igne.</span> 
     </span>
     <span class='ocr_line' id='line_1_22' title="bbox 309 1855 1306 1912; baseline -0.008 0"><span class='ocrx_word' id='word_1_92' title='bbox 309 1860 563 1912; x_wconf 90' lang='lat' dir='ltr'>Herodes</span> <span class='ocrx_word' id='word_1_93' title='bbox 615 1865 802 1908; x_wconf 89' lang='lat' dir='ltr'>autem</span> <span class='ocrx_word' id='word_1_94' title='bbox 854 1855 1129 1907; x_wconf 78' lang='lat' dir='ltr'><strong>tetrarcha</strong></span> <span class='ocrx_word' id='word_1_95' title='bbox 1189 1871 1306 1905; x_wconf 91' lang='lat' dir='ltr'>cor-</span> 
     </span>
     <span class='ocr_line' id='line_1_23' title="bbox 305 1928 1307 2000; baseline -0.008 -15"><span class='ocrx_word' id='word_1_96' title='bbox 305 1941 492 2000; x_wconf 88' lang='lat' dir='ltr'>reptus</span> <span class='ocrx_word' id='word_1_97' title='bbox 526 1931 595 1982; x_wconf 90' lang='lat' dir='ltr'>ab</span> <span class='ocrx_word' id='word_1_98' title='bbox 634 1930 741 1991; x_wconf 82' lang='lat' dir='ltr'>illo,</span> <span class='ocrx_word' id='word_1_99' title='bbox 769 1947 892 1980; x_wconf 91' lang='lat' dir='ltr'>cum</span> <span class='ocrx_word' id='word_1_100' title='bbox 930 1936 1156 1996; x_wconf 92' lang='lat' dir='ltr'>propter</span> <span class='ocrx_word' id='word_1_101' title='bbox 1191 1928 1307 1977; x_wconf 88' lang='lat' dir='ltr'>eius</span> 
     </span>
     <span class='ocr_line' id='line_1_24' title="bbox 305 1999 1309 2068; baseline -0.007 -12"><span class='ocrx_word' id='word_1_102' title='bbox 305 2005 412 2056; x_wconf 91' lang='lat' dir='ltr'>alia</span> <span class='ocrx_word' id='word_1_103' title='bbox 440 2004 652 2063; x_wconf 88' lang='lat' dir='ltr'>scelera,</span> <span class='ocrx_word' id='word_1_104' title='bbox 680 2009 798 2052; x_wconf 92' lang='lat' dir='ltr'>tum</span> <span class='ocrx_word' id='word_1_105' title='bbox 827 2001 956 2068; x_wconf 86' lang='lat' dir='ltr'>quia</span> <span class='ocrx_word' id='word_1_106' title='bbox 986 1999 1309 2051; x_wconf 88' lang='lat' dir='ltr'>Herodiade</span> 
     </span>
     <span class='ocr_line' id='line_1_25' title="bbox 304 2072 1307 2141; baseline -0.006 -13"><span class='ocrx_word' id='word_1_107' title='bbox 304 2094 478 2128; x_wconf 82' lang='lat' dir='ltr'>vxore</span> <span class='ocrx_word' id='word_1_108' title='bbox 514 2075 694 2126; x_wconf 90' lang='lat' dir='ltr'>fratris</span> <span class='ocrx_word' id='word_1_109' title='bbox 731 2074 806 2124; x_wconf 90' lang='lat' dir='ltr'>sui</span> <span class='ocrx_word' id='word_1_110' title='bbox 843 2091 939 2141; x_wconf 93' lang='lat' dir='ltr'>per</span> <span class='ocrx_word' id='word_1_111' title='bbox 974 2072 1307 2123; x_wconf 80' lang='lat' dir='ltr'>adulterium</span> 
     </span>
     <span class='ocr_line' id='line_1_26' title="bbox 305 2145 1307 2212; baseline -0.007 -11"><span class='ocrx_word' id='word_1_112' title='bbox 305 2150 652 2206; x_wconf 76' lang='lat' dir='ltr'>abutebatur,</span> <span class='ocrx_word' id='word_1_113' title='bbox 715 2146 950 2197; x_wconf 90' lang='lat' dir='ltr'>coniecit</span> <span class='ocrx_word' id='word_1_114' title='bbox 1015 2145 1188 2212; x_wconf 90' lang='lat' dir='ltr'>ipsum</span> <span class='ocrx_word' id='word_1_115' title='bbox 1254 2145 1307 2194; x_wconf 90' lang='lat' dir='ltr'>in</span> 
     </span>
     <span class='ocr_line' id='line_1_27' title="bbox 304 2216 1311 2285; baseline -0.007 -12"><span class='ocrx_word' id='word_1_116' title='bbox 304 2221 535 2272; x_wconf 89' lang='lat' dir='ltr'>vincula.</span> <span class='ocrx_word' id='word_1_117' title='bbox 614 2220 781 2271; x_wconf 84' lang='lat' dir='ltr'><strong>Vnde</strong></span> <span class='ocrx_word' id='word_1_118' title='bbox 828 2218 949 2269; x_wconf 92' lang='lat' dir='ltr'>suos</span> <span class='ocrx_word' id='word_1_119' title='bbox 995 2217 1105 2285; x_wconf 91' lang='lat' dir='ltr'>ipse</span> <span class='ocrx_word' id='word_1_120' title='bbox 1155 2216 1311 2268; x_wconf 88' lang='lat' dir='ltr'>disci-</span> 
     </span>
     <span class='ocr_line' id='line_1_28' title="bbox 302 2290 1311 2362; baseline -0.007 -17"><span class='ocrx_word' id='word_1_121' title='bbox 302 2295 466 2362; x_wconf 90' lang='lat' dir='ltr'>pulos</span> <span class='ocrx_word' id='word_1_122' title='bbox 503 2292 642 2343; x_wconf 78' lang='lat' dir='ltr'>misit</span> <span class='ocrx_word' id='word_1_123' title='bbox 678 2292 747 2342; x_wconf 91' lang='lat' dir='ltr'>ad</span> <span class='ocrx_word' id='word_1_124' title='bbox 787 2290 981 2351; x_wconf 89' lang='lat' dir='ltr'>Iesum,</span> <span class='ocrx_word' id='word_1_125' title='bbox 1016 2291 1109 2357; x_wconf 87' lang='lat' dir='ltr'>qui</span> <span class='ocrx_word' id='word_1_126' title='bbox 1146 2290 1311 2340; x_wconf 94' lang='lat' dir='ltr'>inter-</span> 
     </span>
     <span class='ocr_line' id='line_1_29' title="bbox 308 2362 1310 2433; baseline -0.006 -16"><span class='ocrx_word' id='word_1_127' title='bbox 308 2373 580 2433; x_wconf 84' lang='lat' dir='ltr'>rogarent,</span> <span class='ocrx_word' id='word_1_128' title='bbox 617 2364 760 2424; x_wconf 91' lang='lat' dir='ltr'>esset,</span> <span class='ocrx_word' id='word_1_129' title='bbox 795 2380 862 2413; x_wconf 93' lang='lat' dir='ltr'>ne</span> <span class='ocrx_word' id='word_1_130' title='bbox 903 2363 1006 2423; x_wconf 89' lang='lat' dir='ltr'>ille,</span> <span class='ocrx_word' id='word_1_131' title='bbox 1046 2362 1139 2429; x_wconf 90' lang='lat' dir='ltr'>qui</span> <span class='ocrx_word' id='word_1_132' title='bbox 1179 2378 1310 2412; x_wconf 86' lang='lat' dir='ltr'>ven-</span> 
     </span>
     <span class='ocr_line' id='line_1_30' title="bbox 306 2433 1309 2502; baseline -0.005 -13"><span class='ocrx_word' id='word_1_133' title='bbox 306 2447 461 2489; x_wconf 88' lang='lat' dir='ltr'>turus</span> <span class='ocrx_word' id='word_1_134' title='bbox 483 2438 628 2498; x_wconf 93' lang='lat' dir='ltr'>esset,</span> <span class='ocrx_word' id='word_1_135' title='bbox 648 2453 717 2486; x_wconf 93' lang='lat' dir='ltr'>an</span> <span class='ocrx_word' id='word_1_136' title='bbox 740 2433 1130 2502; x_wconf 67' lang='lat' dir='ltr'>expectaretur</span> <span class='ocrx_word' id='word_1_137' title='bbox 1156 2433 1309 2485; x_wconf 88' lang='grc'><strong>31135.</strong></span> 
     </span>
     <span class='ocr_line' id='line_1_31' title="bbox 310 2505 1309 2573; baseline -0.006 -11"><span class='ocrx_word' id='word_1_138' title='bbox 310 2510 553 2564; x_wconf 88' lang='lat' dir='ltr'>Christus</span> <span class='ocrx_word' id='word_1_139' title='bbox 581 2515 767 2559; x_wconf 89' lang='lat' dir='ltr'>autem</span> <span class='ocrx_word' id='word_1_140' title='bbox 796 2524 981 2558; x_wconf 91' lang='lat' dir='ltr'>coram</span> <span class='ocrx_word' id='word_1_141' title='bbox 1011 2507 1133 2573; x_wconf 73' lang='lat' dir='ltr'>ipsis</span> <span class='ocrx_word' id='word_1_142' title='bbox 1170 2505 1309 2556; x_wconf 89' lang='lat' dir='ltr'>mul-</span> 
     </span>
     <span class='ocr_line' id='line_1_32' title="bbox 307 2578 1311 2648; baseline -0.006 -14"><span class='ocrx_word' id='word_1_143' title='bbox 307 2584 378 2634; x_wconf 90' lang='lat' dir='ltr'>tis</span> <span class='ocrx_word' id='word_1_144' title='bbox 434 2580 833 2648; x_wconf 82' lang='lat' dir='ltr'>aegrotantibus</span> <span class='ocrx_word' id='word_1_145' title='bbox 890 2580 1106 2640; x_wconf 82' lang='grc'><strong>6313115,</strong></span> <span class='ocrx_word' id='word_1_146' title='bbox 1158 2578 1311 2629; x_wconf 89' lang='lat' dir='ltr'>iubet</span> 
     </span>
     <span class='ocr_line' id='line_1_33' title="bbox 308 2652 1309 2721; baseline -0.006 -15"><span class='ocrx_word' id='word_1_147' title='bbox 308 2673 402 2706; x_wconf 92' lang='lat' dir='ltr'>eos</span> <span class='ocrx_word' id='word_1_148' title='bbox 436 2672 560 2721; x_wconf 79' lang='lat' dir='ltr'>quae</span> <span class='ocrx_word' id='word_1_149' title='bbox 587 2653 852 2712; x_wconf 88' lang='lat' dir='ltr'>vidissent,</span> <span class='ocrx_word' id='word_1_150' title='bbox 883 2652 1080 2702; x_wconf 89' lang='lat' dir='ltr'>Ioanni</span> <span class='ocrx_word' id='word_1_151' title='bbox 1113 2668 1309 2701; x_wconf 91' lang='lat' dir='ltr'>renun-</span> 
     </span>
     <span class='ocr_line' id='line_1_34' title="bbox 305 2723 1309 2778; baseline -0.005 0"><span class='ocrx_word' id='word_1_152' title='bbox 305 2728 464 2778; x_wconf 91' lang='lat' dir='ltr'>ciare.</span> <span class='ocrx_word' id='word_1_153' title='bbox 543 2726 617 2776; x_wconf 88' lang='lat' dir='ltr'>Et</span> <span class='ocrx_word' id='word_1_154' title='bbox 644 2725 728 2775; x_wconf 89' lang='lat' dir='ltr'>his</span> <span class='ocrx_word' id='word_1_155' title='bbox 765 2724 1095 2774; x_wconf 90' lang='lat' dir='ltr'>abeuntibus</span> <span class='ocrx_word' id='word_1_156' title='bbox 1133 2723 1309 2773; x_wconf 87' lang='lat' dir='ltr'>multa</span> 
     </span>
     <span class='ocr_line' id='line_1_35' title="bbox 309 2795 1309 2863; baseline -0.005 -13"><span class='ocrx_word' id='word_1_157' title='bbox 309 2801 364 2850; x_wconf 91' lang='lat' dir='ltr'>in</span> <span class='ocrx_word' id='word_1_158' title='bbox 394 2798 614 2850; x_wconf 89' lang='lat' dir='ltr'>laudem</span> <span class='ocrx_word' id='word_1_159' title='bbox 646 2797 871 2848; x_wconf 91' lang='lat' dir='ltr'>Ioannis</span> <span class='ocrx_word' id='word_1_160' title='bbox 907 2795 1184 2863; x_wconf 82' lang='lat' dir='ltr'>praefatuS,</span> <span class='ocrx_word' id='word_1_161' title='bbox 1214 2796 1309 2846; x_wconf 93' lang='lat' dir='ltr'>ad-</span> 
     </span>
     <span class='ocr_line' id='line_1_36' title="bbox 309 2868 1311 2934; baseline -0.004 -13"><span class='ocrx_word' id='word_1_162' title='bbox 309 2872 451 2934; x_wconf 89' lang='lat' dir='ltr'>iecit,</span> <span class='ocrx_word' id='word_1_163' title='bbox 504 2871 647 2921; x_wconf 87' lang='lat' dir='ltr'>Dico</span> <span class='ocrx_word' id='word_1_164' title='bbox 710 2869 867 2920; x_wconf 88' lang='lat' dir='ltr'>vobis</span> <span class='ocrx_word' id='word_1_165' title='bbox 931 2869 1107 2918; x_wconf 89' lang='lat' dir='ltr'>maior</span> <span class='ocrx_word' id='word_1_166' title='bbox 1170 2868 1311 2918; x_wconf 89' lang='lat' dir='ltr'>inter</span> 
     </span>
     <span class='ocr_line' id='line_1_37' title="bbox 310 2940 1311 3008; baseline -0.005 -13"><span class='ocrx_word' id='word_1_167' title='bbox 310 2952 469 2995; x_wconf 90' lang='lat' dir='ltr'>natos</span> <span class='ocrx_word' id='word_1_168' title='bbox 494 2942 786 2993; x_wconf 88' lang='lat' dir='ltr'>mulierum</span> <span class='ocrx_word' id='word_1_169' title='bbox 804 2941 1076 3008; x_wconf 91' lang='lat' dir='ltr'>propheta</span> <span class='ocrx_word' id='word_1_170' title='bbox 1100 2940 1311 2991; x_wconf 92' lang='lat' dir='ltr'>Ioanne</span> 
     </span>
     <span class='ocr_line' id='line_1_38' title="bbox 303 3013 1311 3083; baseline 0 -21"><span class='ocrx_word' id='word_1_171' title='bbox 303 3015 545 3083; x_wconf 70' lang='lat' dir='ltr'>‚baptista</span> <span class='ocrx_word' id='word_1_172' title='bbox 563 3031 670 3064; x_wconf 91' lang='lat' dir='ltr'>non</span> <span class='ocrx_word' id='word_1_173' title='bbox 690 3013 779 3064; x_wconf 86' lang='lat' dir='ltr'>est.</span> <span class='ocrx_word' id='word_1_174' title='bbox 824 3013 965 3065; x_wconf 88' lang='lat' dir='ltr'>Cum</span> <span class='ocrx_word' id='word_1_175' title='bbox 986 3020 1169 3063; x_wconf 89' lang='lat' dir='ltr'>autem</span> <span class='ocrx_word' id='word_1_176' title='bbox 1194 3014 1311 3063; x_wconf 92' lang='lat' dir='ltr'>dies</span> 
     </span>
     <span class='ocr_line' id='line_1_39' title="bbox 309 3085 1311 3151; baseline -0.004 -11"><span class='ocrx_word' id='word_1_177' title='bbox 309 3088 509 3140; x_wconf 86' lang='lat' dir='ltr'>natalis</span> <span class='ocrx_word' id='word_1_178' title='bbox 540 3086 783 3137; x_wconf 90' lang='lat' dir='ltr'>Herodis</span> <span class='ocrx_word' id='word_1_179' title='bbox 815 3093 1084 3151; x_wconf 79' lang='lat' dir='ltr'>ageretur,</span> <span class='ocrx_word' id='word_1_180' title='bbox 1111 3092 1165 3135; x_wconf 92' lang='lat' dir='ltr'>et</span> <span class='ocrx_word' id='word_1_181' title='bbox 1197 3085 1311 3136; x_wconf 83' lang='grc'><strong>,116-</strong></span> 
     </span>
     <span class='ocr_line' id='line_1_40' title="bbox 309 3157 1312 3224; baseline -0.004 -13"><span class='ocrx_word' id='word_1_182' title='bbox 309 3161 551 3212; x_wconf 91' lang='lat' dir='ltr'>rodiadis</span> <span class='ocrx_word' id='word_1_183' title='bbox 570 3158 680 3209; x_wconf 89' lang='lat' dir='ltr'>filia</span> <span class='ocrx_word' id='word_1_184' title='bbox 702 3158 1010 3224; x_wconf 78' lang='lat' dir='ltr'>tripudians</span> <span class='ocrx_word' id='word_1_185' title='bbox 1032 3157 1312 3224; x_wconf 80' lang='lat' dir='ltr'>placuisset</span> 
     </span>
     <span class='ocr_line' id='line_1_41' title="bbox 312 3230 1309 3296; baseline -0.004 -12"><span class='ocrx_word' id='word_1_186' title='bbox 312 3233 540 3293; x_wconf 88' lang='lat' dir='ltr'>Herodi,</span> <span class='ocrx_word' id='word_1_187' title='bbox 569 3231 701 3281; x_wconf 91' lang='lat' dir='ltr'>iussa</span> <span class='ocrx_word' id='word_1_188' title='bbox 738 3231 813 3281; x_wconf 88' lang='lat' dir='ltr'>est</span> <span class='ocrx_word' id='word_1_189' title='bbox 842 3230 913 3280; x_wconf 91' lang='lat' dir='ltr'>ab</span> <span class='ocrx_word' id='word_1_190' title='bbox 940 3247 1021 3290; x_wconf 90' lang='lat' dir='ltr'>e0,</span> <span class='ocrx_word' id='word_1_191' title='bbox 1049 3231 1309 3296; x_wconf 85' lang='lat' dir='ltr'>quicquid</span> 
     </span>
     <span class='ocr_line' id='line_1_42' title="bbox 306 3302 1311 3370; baseline -0.004 -14"><span class='ocrx_word' id='word_1_192' title='bbox 306 3305 474 3356; x_wconf 88' lang='lat' dir='ltr'>vellet</span> <span class='ocrx_word' id='word_1_193' title='bbox 518 3311 726 3370; x_wconf 88' lang='lat' dir='ltr'>optare,</span> <span class='ocrx_word' id='word_1_194' title='bbox 768 3303 902 3353; x_wconf 90' lang='lat' dir='ltr'>dato</span> <span class='ocrx_word' id='word_1_195' title='bbox 948 3302 1311 3365; x_wconf 91' lang='lat' dir='ltr'>iureiurando,</span> 
     </span>
     <span class='ocr_line' id='line_1_43' title="bbox 309 3374 1312 3441; baseline -0.001 -14"><span class='ocrx_word' id='word_1_196' title='bbox 309 3377 360 3427; x_wconf 92' lang='grc'>16</span> <span class='ocrx_word' id='word_1_197' title='bbox 389 3375 523 3427; x_wconf 91' lang='lat' dir='ltr'>nihil</span> <span class='ocrx_word' id='word_1_198' title='bbox 552 3376 599 3426; x_wconf 92' lang='lat' dir='ltr'>ei</span> <span class='ocrx_word' id='word_1_199' title='bbox 627 3383 970 3441; x_wconf 90' lang='lat' dir='ltr'>negaturum.</span> <span class='ocrx_word' id='word_1_200' title='bbox 1052 3374 1156 3425; x_wconf 91' lang='lat' dir='ltr'>Illa</span> <span class='ocrx_word' id='word_1_201' title='bbox 1182 3392 1312 3426; x_wconf 87' lang='lat' dir='ltr'>vero</span> 
     </span>
     <span class='ocr_line' id='line_1_44' title="bbox 308 3447 1311 3513; baseline -0.002 -13"><span class='ocrx_word' id='word_1_202' title='bbox 308 3447 341 3499; x_wconf 77' lang='lat' dir='ltr'>a</span> <span class='ocrx_word' id='word_1_203' title='bbox 369 3456 543 3500; x_wconf 88' lang='lat' dir='ltr'>matre</span> <span class='ocrx_word' id='word_1_204' title='bbox 566 3448 873 3509; x_wconf 90' lang='lat' dir='ltr'>subornata,</span> <span class='ocrx_word' id='word_1_205' title='bbox 896 3453 1062 3513; x_wconf 91' lang='lat' dir='ltr'>caput</span> <span class='ocrx_word' id='word_1_206' title='bbox 1087 3447 1311 3498; x_wconf 91' lang='lat' dir='ltr'>Ioannis</span> 
     </span>
     <span class='ocr_line' id='line_1_45' title="bbox 309 3518 1312 3586; baseline -0.001 -15"><span class='ocrx_word' id='word_1_207' title='bbox 309 3522 363 3571; x_wconf 93' lang='lat' dir='ltr'>in</span> <span class='ocrx_word' id='word_1_208' title='bbox 393 3521 538 3571; x_wconf 93' lang='lat' dir='ltr'>disco</span> <span class='ocrx_word' id='word_1_209' title='bbox 567 3520 660 3570; x_wconf 86' lang='lat' dir='ltr'>fibi</span> <span class='ocrx_word' id='word_1_210' title='bbox 698 3520 814 3570; x_wconf 89' lang='lat' dir='ltr'>dari</span> <span class='ocrx_word' id='word_1_211' title='bbox 853 3518 1115 3586; x_wconf 86' lang='lat' dir='ltr'>poposcit.</span> <span class='ocrx_word' id='word_1_212' title='bbox 1196 3520 1312 3570; x_wconf 91' lang='lat' dir='ltr'>He-</span> 
     </span>
     <span class='ocr_line' id='line_1_46' title="bbox 309 3592 1312 3659; baseline -0.003 -15"><span class='ocrx_word' id='word_1_213' title='bbox 309 3593 469 3644; x_wconf 89' lang='lat' dir='ltr'>rodes</span> <span class='ocrx_word' id='word_1_214' title='bbox 514 3593 681 3659; x_wconf 88' lang='lat' dir='ltr'>igitur</span> <span class='ocrx_word' id='word_1_215' title='bbox 716 3592 917 3658; x_wconf 87' lang='lat' dir='ltr'>partim</span> <span class='ocrx_word' id='word_1_216' title='bbox 953 3598 1178 3658; x_wconf 89' lang='lat' dir='ltr'>propter</span> <span class='ocrx_word' id='word_1_217' title='bbox 1214 3592 1312 3642; x_wconf 89' lang='lat' dir='ltr'>ius-</span> 
     </span>
    </p>
   </div>
   <div class='ocr_carea' id='block_1_5' title="bbox 500 3761 870 3816">
    <p class='ocr_par' dir='ltr' id='par_1_5' title="bbox 500 3761 870 3816">
     <span class='ocr_line' id='line_1_47' title="bbox 500 3761 870 3816; baseline -0.005 -12"><span class='ocrx_word' id='word_1_218' title='bbox 500 3761 514 3789; x_wconf 82' lang='lat'>1</span> <span class='ocrx_word' id='word_1_219' title='bbox 550 3761 623 3804; x_wconf 86' lang='lat' dir='ltr'>die</span> <span class='ocrx_word' id='word_1_220' title='bbox 649 3773 713 3816; x_wconf 80' lang='grc'>29.</span> <span class='ocrx_word' id='word_1_221' title='bbox 740 3761 791 3803; x_wconf 84' lang='lat' dir='ltr'>z‘n</span> <span class='ocrx_word' id='word_1_222' title='bbox 814 3773 870 3802; x_wconf 81' lang='lat' dir='ltr'>m.</span> 
     </span>
    </p>
   </div>
   <div class='ocr_carea' id='block_1_6' title="bbox 1171 3759 1513 3817">
    <p class='ocr_par' dir='ltr' id='par_1_6' title="bbox 1171 3759 1513 3817">
     <span class='ocr_line' id='line_1_48' title="bbox 1171 3759 1513 3817; baseline 0.003 -13"><span class='ocrx_word' id='word_1_223' title='bbox 1171 3759 1187 3786; x_wconf 77' lang='lat'><em>2</em></span> <span class='ocrx_word' id='word_1_224' title='bbox 1221 3760 1311 3804; x_wconf 89' lang='lat' dir='ltr'>Die</span> <span class='ocrx_word' id='word_1_225' title='bbox 1336 3774 1359 3817; x_wconf 88' lang='lat'>3</span> <span class='ocrx_word' id='word_1_226' title='bbox 1384 3764 1433 3805; x_wconf 77' lang='lat' dir='ltr'>in</span> <span class='ocrx_word' id='word_1_227' title='bbox 1457 3776 1513 3805; x_wconf 78' lang='lat' dir='ltr'>m.</span> 
     </span>
    </p>
   </div>
   <div class='ocr_carea' id='block_1_7' title="bbox 1132 252 1529 294">
    <p class='ocr_par' dir='ltr' id='par_1_7' title="bbox 1132 252 1529 294">
     <span class='ocr_line' id='line_1_49' title="bbox 1132 252 1529 294; baseline -0.008 0"><span class='ocrx_word' id='word_1_228' title='bbox 1132 252 1529 294; x_wconf 80' lang='lat' dir='ltr'><em>SEPTEMBER.</em></span> 
     </span>
    </p>
   </div>
   <div class='ocr_carea' id='block_1_8' title="bbox 1385 344 2387 484">
    <p class='ocr_par' dir='ltr' id='par_1_8' title="bbox 1385 344 2387 484">
     <span class='ocr_line' id='line_1_50' title="bbox 1385 344 2385 414; baseline -0.001 -15"><span class='ocrx_word' id='word_1_229' title='bbox 1385 347 1692 410; x_wconf 89' lang='lat' dir='ltr'>iurandum,</span> <span class='ocrx_word' id='word_1_230' title='bbox 1710 361 2049 414; x_wconf 90' lang='lat' dir='ltr'>quamquam</span> <span class='ocrx_word' id='word_1_231' title='bbox 2066 344 2252 397; x_wconf 89' lang='lat' dir='ltr'>iustius</span> <span class='ocrx_word' id='word_1_232' title='bbox 2268 350 2385 398; x_wconf 85' lang='lat' dir='ltr'>erat</span> 
     </span>
     <span class='ocr_line' id='line_1_51' title="bbox 1385 417 2387 484; baseline -0.005 -13"><span class='ocrx_word' id='word_1_233' title='bbox 1385 427 1593 471; x_wconf 88' lang='lat' dir='ltr'>temere</span> <span class='ocrx_word' id='word_1_234' title='bbox 1619 420 1813 474; x_wconf 88' lang='lat' dir='ltr'>datum</span> <span class='ocrx_word' id='word_1_235' title='bbox 1841 434 1951 469; x_wconf 91' lang='lat' dir='ltr'>non</span> <span class='ocrx_word' id='word_1_236' title='bbox 1972 417 2242 484; x_wconf 84' lang='lat' dir='ltr'>praestare,</span> <span class='ocrx_word' id='word_1_237' title='bbox 2261 432 2387 483; x_wconf 87' lang='lat' dir='ltr'>par-</span> 
     </span>
    </p>
   </div>
   <div class='ocr_carea' id='block_1_9' title="bbox 1301 488 2387 557">
    <p class='ocr_par' dir='ltr' id='par_1_9' title="bbox 1301 488 2387 557">
     <span class='ocr_line' id='line_1_52' title="bbox 1301 488 2387 557; baseline -0.005 -14"><span class='ocrx_word' id='word_1_238' title='bbox 1301 524 1304 526; x_wconf 92' lang='lat'><em>-</em></span> <span class='ocrx_word' id='word_1_239' title='bbox 1384 492 1486 543; x_wconf 89' lang='lat' dir='ltr'>tim</span> <span class='ocrx_word' id='word_1_240' title='bbox 1532 508 1602 542; x_wconf 92' lang='lat' dir='ltr'>ne</span> <span class='ocrx_word' id='word_1_241' title='bbox 1646 489 1731 541; x_wconf 91' lang='lat' dir='ltr'>his</span> <span class='ocrx_word' id='word_1_242' title='bbox 1774 491 1868 557; x_wconf 92' lang='lat' dir='ltr'>qui</span> <span class='ocrx_word' id='word_1_243' title='bbox 1912 490 2143 540; x_wconf 90' lang='lat' dir='ltr'>aderant</span> <span class='ocrx_word' id='word_1_244' title='bbox 2190 488 2387 539; x_wconf 89' lang='lat' dir='ltr'>leuiter</span> 
     </span>
    </p>
   </div>
   <div class='ocr_carea' id='block_1_10' title="bbox 1384 559 2388 917">
    <p class='ocr_par' dir='ltr' id='par_1_10' title="bbox 1384 559 2388 917">
     <span class='ocr_line' id='line_1_53' title="bbox 1386 559 2384 630; baseline -0.004 -16"><span class='ocrx_word' id='word_1_245' title='bbox 1386 580 1590 630; x_wconf 88' lang='lat' dir='ltr'>negare</span> <span class='ocrx_word' id='word_1_246' title='bbox 1651 562 1941 624; x_wconf 87' lang='lat' dir='ltr'>videretur,</span> <span class='ocrx_word' id='word_1_247' title='bbox 1994 561 2145 628; x_wconf 91' lang='lat' dir='ltr'>quod</span> <span class='ocrx_word' id='word_1_248' title='bbox 2209 559 2384 627; x_wconf 88' lang='lat' dir='ltr'>ipsum</span> 
     </span>
     <span class='ocr_line' id='line_1_54' title="bbox 1385 631 2388 699; baseline -0.003 -13"><span class='ocrx_word' id='word_1_249' title='bbox 1385 635 1489 686; x_wconf 90' lang='lat' dir='ltr'>fuit</span> <span class='ocrx_word' id='word_1_250' title='bbox 1510 635 1721 685; x_wconf 88' lang='lat' dir='ltr'>summa</span> <span class='ocrx_word' id='word_1_251' title='bbox 1741 634 1950 695; x_wconf 90' lang='grc'><strong>1631135,</strong></span> <span class='ocrx_word' id='word_1_252' title='bbox 1973 632 2172 699; x_wconf 85' lang='lat' dir='ltr'>puellae</span> <span class='ocrx_word' id='word_1_253' title='bbox 2193 631 2388 683; x_wconf 85' lang='lat' dir='ltr'>annuit</span> 
     </span>
     <span class='ocr_line' id='line_1_55' title="bbox 1385 703 2387 774; baseline -0.005 -16"><span class='ocrx_word' id='word_1_254' title='bbox 1385 707 1606 774; x_wconf 78' lang='lat' dir='ltr'>optatis,</span> <span class='ocrx_word' id='word_1_255' title='bbox 1647 706 2018 772; x_wconf 89' lang='lat' dir='ltr'>abscisumque</span> <span class='ocrx_word' id='word_1_256' title='bbox 2060 704 2285 756; x_wconf 87' lang='lat' dir='ltr'>Ioannis</span> <span class='ocrx_word' id='word_1_257' title='bbox 2329 703 2387 754; x_wconf 89' lang='lat' dir='ltr'>in</span> 
     </span>
     <span class='ocr_line' id='line_1_56' title="bbox 1385 775 2385 844; baseline -0.005 -14"><span class='ocrx_word' id='word_1_258' title='bbox 1385 796 1599 830; x_wconf 90' lang='lat' dir='ltr'>carcere</span> <span class='ocrx_word' id='word_1_259' title='bbox 1617 786 1781 844; x_wconf 88' lang='lat' dir='ltr'>caput</span> <span class='ocrx_word' id='word_1_260' title='bbox 1800 779 2049 844; x_wconf 86' lang='lat' dir='ltr'>protinus</span> <span class='ocrx_word' id='word_1_261' title='bbox 2065 776 2140 828; x_wconf 88' lang='lat' dir='ltr'>est</span> <span class='ocrx_word' id='word_1_262' title='bbox 2156 775 2385 827; x_wconf 89' lang='lat' dir='ltr'>allatum</span> 
     </span>
     <span class='ocr_line' id='line_1_57' title="bbox 1384 845 2388 917; baseline -0.005 -15"><span class='ocrx_word' id='word_1_263' title='bbox 1384 852 1439 902; x_wconf 91' lang='lat' dir='ltr'>in</span> <span class='ocrx_word' id='word_1_264' title='bbox 1469 851 1629 912; x_wconf 86' lang='lat' dir='ltr'>discO,</span> <span class='ocrx_word' id='word_1_265' title='bbox 1649 858 1704 902; x_wconf 88' lang='lat' dir='ltr'>et</span> <span class='ocrx_word' id='word_1_266' title='bbox 1731 849 1930 917; x_wconf 76' lang='lat' dir='ltr'>puellae</span> <span class='ocrx_word' id='word_1_267' title='bbox 1959 849 2165 899; x_wconf 89' lang='lat' dir='ltr'>datum.</span> <span class='ocrx_word' id='word_1_268' title='bbox 2219 845 2388 915; x_wconf 80' lang='lat' dir='ltr'>Quod</span> 
     </span>
    </p>
   </div>
   <div class='ocr_carea' id='block_1_11' title="bbox 1385 917 2450 974">
    <p class='ocr_par' dir='ltr' id='par_1_11' title="bbox 1385 917 2450 974">
     <span class='ocr_line' id='line_1_58' title="bbox 1385 917 2450 974; baseline -0.006 0"><span class='ocrx_word' id='word_1_269' title='bbox 1385 923 1479 974; x_wconf 91' lang='lat' dir='ltr'>illa</span> <span class='ocrx_word' id='word_1_270' title='bbox 1541 923 1723 974; x_wconf 89' lang='lat' dir='ltr'>statim</span> <span class='ocrx_word' id='word_1_271' title='bbox 1786 922 2015 973; x_wconf 85' lang='lat' dir='ltr'>tradidit</span> <span class='ocrx_word' id='word_1_272' title='bbox 2079 917 2387 971; x_wconf 89' lang='lat' dir='ltr'>Herodiadi</span> <span class='ocrx_word' id='word_1_273' title='bbox 2447 935 2450 937; x_wconf 89' lang='lat'>·</span> 
     </span>
    </p>
   </div>
   <div class='ocr_carea' id='block_1_12' title="bbox 1386 990 2388 1135">
    <p class='ocr_par' dir='ltr' id='par_1_12' title="bbox 1386 990 2388 1135">
     <span class='ocr_line' id='line_1_59' title="bbox 1387 990 2388 1061; baseline -0.004 -16"><span class='ocrx_word' id='word_1_274' title='bbox 1387 995 1563 1046; x_wconf 85' lang='lat' dir='ltr'>matri.</span> <span class='ocrx_word' id='word_1_275' title='bbox 1633 995 1848 1061; x_wconf 89' lang='lat' dir='ltr'>Corpus</span> <span class='ocrx_word' id='word_1_276' title='bbox 1875 1000 2062 1045; x_wconf 90' lang='lat' dir='ltr'>autem</span> <span class='ocrx_word' id='word_1_277' title='bbox 2089 992 2205 1044; x_wconf 87' lang='lat' dir='ltr'>eius</span> <span class='ocrx_word' id='word_1_278' title='bbox 2233 990 2388 1043; x_wconf 90' lang='lat' dir='ltr'>disci-</span> 
     </span>
     <span class='ocr_line' id='line_1_60' title="bbox 1386 1067 1866 1135; baseline -0.002 -17"><span class='ocrx_word' id='word_1_279' title='bbox 1386 1067 1500 1135; x_wconf 91' lang='lat' dir='ltr'>puli</span> <span class='ocrx_word' id='word_1_280' title='bbox 1529 1067 1866 1134; x_wconf 88' lang='lat' dir='ltr'>sepelierunt.</span> 
     </span>
    </p>
   </div>
   <div class='ocr_carea' id='block_1_13' title="bbox 1683 1215 2087 1296">
    <p class='ocr_par' dir='ltr' id='par_1_13' title="bbox 1683 1215 2087 1296">
     <span class='ocr_line' id='line_1_61' title="bbox 1683 1215 2087 1296; baseline -0.005 -27"><span class='ocrx_word' id='word_1_281' title='bbox 1683 1219 1739 1276; x_wconf 71' lang='grc'>11</span> <span class='ocrx_word' id='word_1_282' title='bbox 1765 1215 2087 1296; x_wconf 65' lang='lat' dir='ltr'>September.</span> 
     </span>
    </p>
   </div>
   <div class='ocr_carea' id='block_1_14' title="bbox 1461 1329 2316 1453">
    <p class='ocr_par' dir='ltr' id='par_1_14' title="bbox 1461 1329 2316 1453">
     <span class='ocr_line' id='line_1_62' title="bbox 1461 1329 2316 1397; baseline -0.002 -15"><span class='ocrx_word' id='word_1_283' title='bbox 1461 1334 1517 1391; x_wconf 74' lang='lat' dir='ltr'>(I</span> <span class='ocrx_word' id='word_1_284' title='bbox 1569 1329 1837 1397; x_wconf 68' lang='lat' dir='ltr'>seraphia</span> <span class='ocrx_word' id='word_1_285' title='bbox 1888 1329 2042 1395; x_wconf 62' lang='lat' dir='ltr'>virgo</span> <span class='ocrx_word' id='word_1_286' title='bbox 2092 1335 2316 1394; x_wconf 60' lang='lat' dir='ltr'>marasyr.</span> 
     </span>
     <span class='ocr_line' id='line_1_63' title="bbox 1675 1399 2078 1453; baseline -0.002 0"><span class='ocrx_word' id='word_1_287' title='bbox 1675 1402 1854 1453; x_wconf 60' lang='lat' dir='ltr'>Leaio</span> <span class='ocrx_word' id='word_1_288' title='bbox 1881 1401 2041 1453; x_wconf 74' lang='lat' dir='ltr'>tertia</span> <span class='ocrx_word' id='word_1_289' title='bbox 2049 1399 2078 1452; x_wconf 82' lang='lat'>².</span> 
     </span>
    </p>
   </div>
   <div class='ocr_carea' id='block_1_15' title="bbox 1387 1493 2437 3081">
    <p class='ocr_par' dir='ltr' id='par_1_15' title="bbox 1393 1493 2389 1599">
     <span class='ocr_line' id='line_1_64' title="bbox 1393 1493 2389 1599; baseline -0.002 -53"><span class='ocrx_word' id='word_1_290' title='bbox 1393 1495 1469 1599; x_wconf 73' lang='lat' dir='ltr'>S</span> <span class='ocrx_word' id='word_1_291' title='bbox 1483 1493 1725 1562; x_wconf 86' lang='lat' dir='ltr'>Eraphia</span> <span class='ocrx_word' id='word_1_292' title='bbox 1744 1496 1898 1562; x_wconf 91' lang='lat' dir='ltr'>virgo</span> <span class='ocrx_word' id='word_1_293' title='bbox 1915 1493 2246 1546; x_wconf 90' lang='lat' dir='ltr'>antiochena</span> <span class='ocrx_word' id='word_1_294' title='bbox 2263 1509 2389 1545; x_wconf 89' lang='lat' dir='ltr'>cum</span> 
     </span>
    </p>

    <p class='ocr_par' dir='ltr' id='par_1_16' title="bbox 1387 1566 2437 3081">
     <span class='ocr_line' id='line_1_65' title="bbox 1514 1566 2389 1634; baseline -0.001 -17"><span class='ocrx_word' id='word_1_295' title='bbox 1514 1567 1766 1618; x_wconf 85' lang='lat' dir='ltr'>Adriano</span> <span class='ocrx_word' id='word_1_296' title='bbox 1788 1568 2119 1634; x_wconf 88' lang='lat' dir='ltr'>imperatore</span> <span class='ocrx_word' id='word_1_297' title='bbox 2148 1566 2389 1617; x_wconf 92' lang='lat' dir='ltr'>Romam</span> 
     </span>
     <span class='ocr_line' id='line_1_66' title="bbox 1387 1637 2390 1701; baseline -0.003 -10"><span class='ocrx_word' id='word_1_298' title='bbox 1387 1640 1627 1701; x_wconf 90' lang='lat' dir='ltr'>venisset,</span> <span class='ocrx_word' id='word_1_299' title='bbox 1655 1640 1708 1690; x_wconf 91' lang='lat' dir='ltr'>in</span> <span class='ocrx_word' id='word_1_300' title='bbox 1742 1640 1910 1690; x_wconf 90' lang='lat' dir='ltr'>domo</span> <span class='ocrx_word' id='word_1_301' title='bbox 1945 1639 2125 1690; x_wconf 83' lang='lat' dir='ltr'>beatae</span> <span class='ocrx_word' id='word_1_302' title='bbox 2166 1637 2390 1690; x_wconf 88' lang='lat' dir='ltr'>Sabinae</span> 
     </span>
     <span class='ocr_line' id='line_1_67' title="bbox 1389 1709 2390 1778; baseline -0.003 -15"><span class='ocrx_word' id='word_1_303' title='bbox 1389 1712 1662 1763; x_wconf 90' lang='lat' dir='ltr'>diuersata</span> <span class='ocrx_word' id='word_1_304' title='bbox 1703 1711 1792 1770; x_wconf 91' lang='lat' dir='ltr'>est,</span> <span class='ocrx_word' id='word_1_305' title='bbox 1835 1712 2180 1778; x_wconf 89' lang='lat' dir='ltr'>eandemque</span> <span class='ocrx_word' id='word_1_306' title='bbox 2220 1710 2290 1761; x_wconf 90' lang='lat' dir='ltr'>ad</span> <span class='ocrx_word' id='word_1_307' title='bbox 2329 1709 2390 1761; x_wconf 90' lang='lat' dir='ltr'>fi-</span> 
     </span>
     <span class='ocr_line' id='line_1_68' title="bbox 1390 1781 2392 1850; baseline -0.002 -15"><span class='ocrx_word' id='word_1_308' title='bbox 1390 1785 1516 1835; x_wconf 89' lang='lat' dir='ltr'>dem</span> <span class='ocrx_word' id='word_1_309' title='bbox 1572 1783 1766 1836; x_wconf 89' lang='lat' dir='ltr'>Christi</span> <span class='ocrx_word' id='word_1_310' title='bbox 1819 1783 2106 1835; x_wconf 86' lang='lat' dir='ltr'>conuertit.</span> <span class='ocrx_word' id='word_1_311' title='bbox 2182 1781 2392 1850; x_wconf 77' lang='lat' dir='ltr'>Quam-</span> 
     </span>
     <span class='ocr_line' id='line_1_69' title="bbox 1390 1854 2392 1923; baseline -0.002 -15"><span class='ocrx_word' id='word_1_312' title='bbox 1390 1858 1581 1908; x_wconf 88' lang='lat' dir='ltr'>obrem</span> <span class='ocrx_word' id='word_1_313' title='bbox 1631 1874 1663 1908; x_wconf 94' lang='lat' dir='ltr'>a</span> <span class='ocrx_word' id='word_1_314' title='bbox 1715 1856 1941 1923; x_wconf 79' lang='lat' dir='ltr'>praeside</span> <span class='ocrx_word' id='word_1_315' title='bbox 1992 1854 2195 1907; x_wconf 89' lang='lat' dir='ltr'>Berillo</span> <span class='ocrx_word' id='word_1_316' title='bbox 2244 1871 2392 1906; x_wconf 93' lang='lat' dir='ltr'>com-</span> 
     </span>
     <span class='ocr_line' id='line_1_70' title="bbox 1390 1927 2394 1996; baseline -0.001 -17"><span class='ocrx_word' id='word_1_317' title='bbox 1390 1929 1667 1996; x_wconf 89' lang='lat' dir='ltr'>prehensa,</span> <span class='ocrx_word' id='word_1_318' title='bbox 1719 1929 1790 1979; x_wconf 89' lang='lat' dir='ltr'>ad</span> <span class='ocrx_word' id='word_1_319' title='bbox 1843 1929 2183 1995; x_wconf 89' lang='lat' dir='ltr'>deorumque</span> <span class='ocrx_word' id='word_1_320' title='bbox 2236 1927 2394 1978; x_wconf 90' lang='grc'><strong>13611-</strong></span> 
     </span>
     <span class='ocr_line' id='line_1_71' title="bbox 1391 1998 2392 2068; baseline -0.002 -16"><span class='ocrx_word' id='word_1_321' title='bbox 1391 2002 1575 2052; x_wconf 87' lang='lat' dir='ltr'>ficium</span> <span class='ocrx_word' id='word_1_322' title='bbox 1604 1998 1887 2068; x_wconf 66' lang='lat' dir='ltr'>produ&amp;a,</span> <span class='ocrx_word' id='word_1_323' title='bbox 1913 2003 2136 2067; x_wconf 88' lang='lat' dir='ltr'>negauit</span> <span class='ocrx_word' id='word_1_324' title='bbox 2164 1999 2214 2051; x_wconf 91' lang='lat' dir='ltr'>se</span> <span class='ocrx_word' id='word_1_325' title='bbox 2236 1999 2392 2051; x_wconf 88' lang='lat' dir='ltr'>alteri</span> 
     </span>
     <span class='ocr_line' id='line_1_72' title="bbox 1391 2072 2390 2141; baseline -0.001 -17"><span class='ocrx_word' id='word_1_326' title='bbox 1391 2091 1561 2141; x_wconf 88' lang='lat' dir='ltr'>quam</span> <span class='ocrx_word' id='word_1_327' title='bbox 1609 2074 1823 2126; x_wconf 88' lang='lat' dir='ltr'>Christo</span> <span class='ocrx_word' id='word_1_328' title='bbox 1874 2073 2194 2124; x_wconf 90' lang='lat' dir='ltr'>sacrificium</span> <span class='ocrx_word' id='word_1_329' title='bbox 2240 2072 2390 2123; x_wconf 88' lang='lat' dir='ltr'>obla-</span> 
     </span>
     <span class='ocr_line' id='line_1_73' title="bbox 1392 2145 2392 2212; baseline -0.002 -15"><span class='ocrx_word' id='word_1_330' title='bbox 1392 2154 1573 2197; x_wconf 90' lang='lat' dir='ltr'>turam</span> <span class='ocrx_word' id='word_1_331' title='bbox 1626 2165 1636 2197; x_wconf 89' lang='lat'>:</span> <span class='ocrx_word' id='word_1_332' title='bbox 1688 2146 1967 2197; x_wconf 88' lang='lat' dir='ltr'>affirmans</span> <span class='ocrx_word' id='word_1_333' title='bbox 2028 2145 2079 2196; x_wconf 92' lang='lat' dir='ltr'>se</span> <span class='ocrx_word' id='word_1_334' title='bbox 2139 2145 2212 2196; x_wconf 95' lang='lat' dir='ltr'>ob</span> <span class='ocrx_word' id='word_1_335' title='bbox 2271 2162 2392 2212; x_wconf 90' lang='lat' dir='ltr'>per-</span> 
     </span>
     <span class='ocr_line' id='line_1_74' title="bbox 1393 2217 2392 2286; baseline -0.001 -17"><span class='ocrx_word' id='word_1_336' title='bbox 1393 2227 1620 2286; x_wconf 91' lang='lat' dir='ltr'>petuam</span> <span class='ocrx_word' id='word_1_337' title='bbox 1672 2219 2060 2286; x_wconf 90' lang='lat' dir='ltr'>virginitatem,</span> <span class='ocrx_word' id='word_1_338' title='bbox 2111 2234 2279 2285; x_wconf 89' lang='lat' dir='ltr'>quam</span> <span class='ocrx_word' id='word_1_339' title='bbox 2343 2217 2392 2268; x_wconf 91' lang='lat' dir='ltr'>ei</span> 
     </span>
     <span class='ocr_line' id='line_1_75' title="bbox 1394 2289 2394 2358; baseline -0.002 -16"><span class='ocrx_word' id='word_1_340' title='bbox 1394 2298 1638 2352; x_wconf 86' lang='lat' dir='ltr'>vouerat‚</span> <span class='ocrx_word' id='word_1_341' title='bbox 1676 2291 1949 2358; x_wconf 92' lang='lat' dir='ltr'>templum</span> <span class='ocrx_word' id='word_1_342' title='bbox 2002 2290 2094 2342; x_wconf 84' lang='lat' dir='ltr'>dei</span> <span class='ocrx_word' id='word_1_343' title='bbox 2130 2290 2241 2341; x_wconf 89' lang='lat' dir='ltr'>viui</span> <span class='ocrx_word' id='word_1_344' title='bbox 2283 2289 2394 2340; x_wconf 90' lang='lat' dir='ltr'>fac-</span> 
     </span>
     <span class='ocr_line' id='line_1_76' title="bbox 1391 2361 2437 2430; baseline -0.002 -16"><span class='ocrx_word' id='word_1_345' title='bbox 1391 2371 1521 2414; x_wconf 89' lang='lat' dir='ltr'>tam.</span> <span class='ocrx_word' id='word_1_346' title='bbox 1599 2363 1758 2414; x_wconf 90' lang='lat' dir='ltr'>Tunc</span> <span class='ocrx_word' id='word_1_347' title='bbox 1822 2363 2032 2430; x_wconf 82' lang='lat' dir='ltr'>praeseS,</span> <span class='ocrx_word' id='word_1_348' title='bbox 2084 2370 2144 2414; x_wconf 88' lang='lat' dir='ltr'>vt</span> <span class='ocrx_word' id='word_1_349' title='bbox 2207 2361 2437 2413; x_wconf 87' lang='lat' dir='ltr'>amissa-</span> 
     </span>
     <span class='ocr_line' id='line_1_77' title="bbox 1394 2434 2395 2504; baseline -0.001 -18"><span class='ocrx_word' id='word_1_350' title='bbox 1394 2435 1660 2504; x_wconf 90' lang='lat' dir='ltr'>pudicitia</span> <span class='ocrx_word' id='word_1_351' title='bbox 1711 2436 1983 2503; x_wconf 83' lang='lat' dir='ltr'>templum</span> <span class='ocrx_word' id='word_1_352' title='bbox 2028 2436 2117 2486; x_wconf 92' lang='lat' dir='ltr'>dei</span> <span class='ocrx_word' id='word_1_353' title='bbox 2157 2435 2261 2486; x_wconf 93' lang='lat' dir='ltr'>esse</span> <span class='ocrx_word' id='word_1_354' title='bbox 2301 2434 2395 2485; x_wconf 92' lang='lat' dir='ltr'>de-</span> 
     </span>
     <span class='ocr_line' id='line_1_78' title="bbox 1394 2504 2397 2568; baseline -0.001 -10"><span class='ocrx_word' id='word_1_355' title='bbox 1394 2509 1601 2568; x_wconf 76' lang='lat' dir='ltr'>sineret,</span> <span class='ocrx_word' id='word_1_356' title='bbox 1653 2508 1870 2559; x_wconf 88' lang='lat' dir='ltr'>duobus</span> <span class='ocrx_word' id='word_1_357' title='bbox 1922 2525 2044 2559; x_wconf 90' lang='lat' dir='ltr'>eam</span> <span class='ocrx_word' id='word_1_358' title='bbox 2104 2504 2397 2558; x_wconf 77' lang='lat' dir='ltr'>salacibus³</span> 
     </span>
     <span class='ocr_line' id='line_1_79' title="bbox 1394 2579 2394 2648; baseline 0.001 -18"><span class='ocrx_word' id='word_1_359' title='bbox 1394 2580 1684 2631; x_wconf 90' lang='lat' dir='ltr'>iuuenibus</span> <span class='ocrx_word' id='word_1_360' title='bbox 1720 2579 2179 2648; x_wconf 86' lang='lat' dir='ltr'>constuprandam</span> <span class='ocrx_word' id='word_1_361' title='bbox 2212 2579 2394 2631; x_wconf 88' lang='lat' dir='ltr'>tradit.</span> 
     </span>
     <span class='ocr_line' id='line_1_80' title="bbox 1396 2651 2394 2720; baseline -0.001 -17"><span class='ocrx_word' id='word_1_362' title='bbox 1396 2653 1507 2720; x_wconf 78' lang='lat' dir='ltr'>Qui</span> <span class='ocrx_word' id='word_1_363' title='bbox 1558 2652 1866 2703; x_wconf 89' lang='lat' dir='ltr'>obscuriore</span> <span class='ocrx_word' id='word_1_364' title='bbox 1918 2652 2172 2703; x_wconf 89' lang='lat' dir='ltr'>cubiculo</span> <span class='ocrx_word' id='word_1_365' title='bbox 2224 2651 2394 2702; x_wconf 89' lang='lat' dir='ltr'>inclu-</span> 
     </span>
     <span class='ocr_line' id='line_1_81' title="bbox 1395 2721 2398 2792; baseline -0.001 -17"><span class='ocrx_word' id='word_1_366' title='bbox 1395 2725 1522 2785; x_wconf 89' lang='lat' dir='ltr'>sam,</span> <span class='ocrx_word' id='word_1_367' title='bbox 1561 2742 1687 2775; x_wconf 91' lang='lat' dir='ltr'>cum</span> <span class='ocrx_word' id='word_1_368' title='bbox 1739 2727 1882 2776; x_wconf 91' lang='lat' dir='ltr'>circa</span> <span class='ocrx_word' id='word_1_369' title='bbox 1931 2726 2167 2792; x_wconf 89' lang='lat' dir='ltr'>primam</span> <span class='ocrx_word' id='word_1_370' title='bbox 2219 2721 2398 2775; x_wconf 58' lang='lat' dir='ltr'>noetis</span> 
     </span>
     <span class='ocr_line' id='line_1_82' title="bbox 1394 2797 2396 2864; baseline 0 -17"><span class='ocrx_word' id='word_1_371' title='bbox 1394 2797 1587 2847; x_wconf 89' lang='lat' dir='ltr'>horam</span> <span class='ocrx_word' id='word_1_372' title='bbox 1628 2798 1855 2863; x_wconf 82' lang='lat' dir='ltr'>aggredi</span> <span class='ocrx_word' id='word_1_373' title='bbox 1895 2804 2167 2864; x_wconf 88' lang='lat' dir='ltr'>pararent,</span> <span class='ocrx_word' id='word_1_374' title='bbox 2203 2803 2396 2848; x_wconf 89' lang='lat' dir='ltr'>orante</span> 
     </span>
     <span class='ocr_line' id='line_1_83' title="bbox 1394 2869 2397 2935; baseline 0 -16"><span class='ocrx_word' id='word_1_375' title='bbox 1394 2869 1606 2935; x_wconf 85' lang='lat' dir='ltr'>virgine</span> <span class='ocrx_word' id='word_1_376' title='bbox 1671 2869 1848 2920; x_wconf 90' lang='lat' dir='ltr'>subito</span> <span class='ocrx_word' id='word_1_377' title='bbox 1913 2869 2119 2920; x_wconf 89' lang='lat' dir='ltr'>lumine</span> <span class='ocrx_word' id='word_1_378' title='bbox 2189 2869 2397 2920; x_wconf 92' lang='lat' dir='ltr'>circun-</span> 
     </span>
     <span class='ocr_line' id='line_1_84' title="bbox 1396 2941 2398 3008; baseline 0.001 -17"><span class='ocrx_word' id='word_1_379' title='bbox 1396 2941 1528 3003; x_wconf 85' lang='lat' dir='ltr'>fulfi,</span> <span class='ocrx_word' id='word_1_380' title='bbox 1579 2942 1726 3008; x_wconf 80' lang='lat' dir='ltr'>quasi</span> <span class='ocrx_word' id='word_1_381' title='bbox 1791 2942 2078 2992; x_wconf 81' lang='lat' dir='ltr'>exanimes</span> <span class='ocrx_word' id='word_1_382' title='bbox 2135 2941 2398 2992; x_wconf 83' lang='lat' dir='ltr'>membris</span> 
     </span>
     <span class='ocr_line' id='line_1_85' title="bbox 1396 3013 2397 3081; baseline 0 -17"><span class='ocrx_word' id='word_1_383' title='bbox 1396 3014 1655 3064; x_wconf 90' lang='lat' dir='ltr'>omnibus</span> <span class='ocrx_word' id='word_1_384' title='bbox 1684 3013 1931 3064; x_wconf 84' lang='lat' dir='ltr'>resolutis</span> <span class='ocrx_word' id='word_1_385' title='bbox 1960 3015 2013 3064; x_wconf 92' lang='lat' dir='ltr'>in</span> <span class='ocrx_word' id='word_1_386' title='bbox 2043 3022 2244 3065; x_wconf 91' lang='lat' dir='ltr'>terram</span> <span class='ocrx_word' id='word_1_387' title='bbox 2272 3031 2397 3081; x_wconf 90' lang='lat' dir='ltr'>pro-</span> 
     </span>
    </p>
   </div>
   <div class='ocr_carea' id='block_1_16' title="bbox 1396 3084 2486 3149">
    <p class='ocr_par' dir='ltr' id='par_1_17' title="bbox 1396 3084 2486 3149">
     <span class='ocr_line' id='line_1_86' title="bbox 1396 3084 2486 3149; baseline 0.001 -13"><span class='ocrx_word' id='word_1_388' title='bbox 1396 3086 1559 3149; x_wconf 90' lang='lat' dir='ltr'>strati,</span> <span class='ocrx_word' id='word_1_389' title='bbox 1586 3093 1705 3136; x_wconf 91' lang='lat' dir='ltr'>tota</span> <span class='ocrx_word' id='word_1_390' title='bbox 1732 3084 1895 3137; x_wconf 78' lang='grc' dir='ltr'><strong>11οξ16</strong></span> <span class='ocrx_word' id='word_1_391' title='bbox 1923 3087 2207 3137; x_wconf 90' lang='grc'><strong>1363613111</strong></span> <span class='ocrx_word' id='word_1_392' title='bbox 2250 3103 2260 3137; x_wconf 84' lang='grc'>;</span> <span class='ocrx_word' id='word_1_393' title='bbox 2299 3086 2397 3137; x_wconf 93' lang='lat' dir='ltr'>do-</span> <span class='ocrx_word' id='word_1_394' title='bbox 2483 3127 2486 3130; x_wconf 90' lang='lat'>.</span> 
     </span>
    </p>
   </div>
   <div class='ocr_carea' id='block_1_17' title="bbox 1395 3156 2400 3659">
    <p class='ocr_par' dir='ltr' id='par_1_18' title="bbox 1395 3156 2400 3659">
     <span class='ocr_line' id='line_1_87' title="bbox 1397 3156 2399 3226; baseline 0 -17"><span class='ocrx_word' id='word_1_395' title='bbox 1397 3176 1497 3209; x_wconf 93' lang='lat' dir='ltr'>nec</span> <span class='ocrx_word' id='word_1_396' title='bbox 1549 3158 1788 3224; x_wconf 75' lang='lat' dir='ltr'>praesidis</span> <span class='ocrx_word' id='word_1_397' title='bbox 1848 3166 2044 3226; x_wconf 90' lang='lat' dir='ltr'>rogatu</span> <span class='ocrx_word' id='word_1_398' title='bbox 2095 3158 2315 3210; x_wconf 88' lang='lat' dir='ltr'>fuerunt</span> <span class='ocrx_word' id='word_1_399' title='bbox 2365 3156 2399 3209; x_wconf 75' lang='lat' dir='ltr'>a</span> 
     </span>
     <span class='ocr_line' id='line_1_88' title="bbox 1397 3230 2397 3299; baseline 0 -17"><span class='ocrx_word' id='word_1_400' title='bbox 1397 3231 1607 3298; x_wconf 89' lang='lat' dir='ltr'>virgine</span> <span class='ocrx_word' id='word_1_401' title='bbox 1635 3231 1884 3281; x_wconf 93' lang='lat' dir='ltr'>oratione</span> <span class='ocrx_word' id='word_1_402' title='bbox 1921 3231 2036 3282; x_wconf 91' lang='grc'><strong>1313</strong></span> <span class='ocrx_word' id='word_1_403' title='bbox 2067 3230 2282 3299; x_wconf 89' lang='lat' dir='ltr'>postera</span> <span class='ocrx_word' id='word_1_404' title='bbox 2307 3230 2397 3282; x_wconf 90' lang='lat' dir='ltr'>die</span> 
     </span>
     <span class='ocr_line' id='line_1_89' title="bbox 1398 3302 2396 3370; baseline 0.001 -17"><span class='ocrx_word' id='word_1_405' title='bbox 1398 3303 1502 3354; x_wconf 90' lang='lat' dir='ltr'>suis</span> <span class='ocrx_word' id='word_1_406' title='bbox 1530 3303 1735 3354; x_wconf 88' lang='lat' dir='ltr'>viribus</span> <span class='ocrx_word' id='word_1_407' title='bbox 1765 3303 1994 3354; x_wconf 88' lang='lat' dir='ltr'>restituti</span> <span class='ocrx_word' id='word_1_408' title='bbox 2023 3323 2033 3355; x_wconf 90' lang='lat'><strong>:</strong></span> <span class='ocrx_word' id='word_1_409' title='bbox 2061 3310 2116 3354; x_wconf 92' lang='lat' dir='ltr'>et</span> <span class='ocrx_word' id='word_1_410' title='bbox 2151 3321 2275 3370; x_wconf 84' lang='lat' dir='ltr'>quae</span> <span class='ocrx_word' id='word_1_411' title='bbox 2302 3302 2396 3354; x_wconf 89' lang='lat' dir='ltr'>fibi</span> 
     </span>
     <span class='ocr_line' id='line_1_90' title="bbox 1396 3375 2396 3442; baseline 0 -16"><span class='ocrx_word' id='word_1_412' title='bbox 1396 3376 1746 3442; x_wconf 90' lang='lat' dir='ltr'>contigerant</span> <span class='ocrx_word' id='word_1_413' title='bbox 1772 3375 1985 3442; x_wconf 80' lang='lat' dir='ltr'>praesidi</span> <span class='ocrx_word' id='word_1_414' title='bbox 2023 3382 2396 3427; x_wconf 88' lang='lat' dir='ltr'>narrauerunt.</span> 
     </span>
     <span class='ocr_line' id='line_1_91' title="bbox 1399 3445 2400 3515; baseline -0.001 -16"><span class='ocrx_word' id='word_1_415' title='bbox 1399 3447 1511 3500; x_wconf 85' lang='lat' dir='ltr'>Sed</span> <span class='ocrx_word' id='word_1_416' title='bbox 1540 3464 1666 3498; x_wconf 90' lang='lat' dir='ltr'>cum</span> <span class='ocrx_word' id='word_1_417' title='bbox 1696 3449 1739 3498; x_wconf 86' lang='lat' dir='ltr'>is</span> <span class='ocrx_word' id='word_1_418' title='bbox 1768 3445 1968 3499; x_wconf 71' lang='lat' dir='ltr'>cuncta</span> <span class='ocrx_word' id='word_1_419' title='bbox 1995 3446 2234 3515; x_wconf 73' lang='lat' dir='ltr'>‘magicis</span> <span class='ocrx_word' id='word_1_420' title='bbox 2271 3448 2400 3498; x_wconf 89' lang='lat' dir='ltr'>arti-</span> 
     </span>
     <span class='ocr_line' id='line_1_92' title="bbox 1396 3518 2399 3581; baseline 0 -10"><span class='ocrx_word' id='word_1_421' title='bbox 1396 3520 1499 3571; x_wconf 92' lang='lat' dir='ltr'>bus</span> <span class='ocrx_word' id='word_1_422' title='bbox 1527 3520 1806 3581; x_wconf 89' lang='lat' dir='ltr'>tribueret,</span> <span class='ocrx_word' id='word_1_423' title='bbox 1833 3518 2134 3572; x_wconf 66' lang='lat' dir='ltr'>adductam</span> <span class='ocrx_word' id='word_1_424' title='bbox 2172 3520 2274 3571; x_wconf 84' lang='lat' dir='ltr'>fibi.</span> <span class='ocrx_word' id='word_1_425' title='bbox 2292 3520 2399 3571; x_wconf 90' lang='lat' dir='ltr'>vir-</span> 
     </span>
     <span class='ocr_line' id='line_1_93' title="bbox 1395 3591 2398 3659; baseline 0.002 -17"><span class='ocrx_word' id='word_1_426' title='bbox 1395 3592 1596 3659; x_wconf 86' lang='lat' dir='ltr'>ginem,</span> <span class='ocrx_word' id='word_1_427' title='bbox 1652 3600 1706 3644; x_wconf 88' lang='lat' dir='ltr'>et</span> <span class='ocrx_word' id='word_1_428' title='bbox 1757 3592 1996 3643; x_wconf 88' lang='lat' dir='ltr'>vestibus</span> <span class='ocrx_word' id='word_1_429' title='bbox 2049 3591 2339 3659; x_wconf 87' lang='lat' dir='ltr'>spoliatam</span> <span class='ocrx_word' id='word_1_430' title='bbox 2387 3611 2398 3643; x_wconf 74' lang='grc' dir='ltr'><strong><em>ι</em></strong></span> 
     </span>
    </p>
   </div>
   <div class='ocr_carea' id='block_1_18' title="bbox 1839 3760 2228 3808">
    <p class='ocr_par' dir='ltr' id='par_1_19' title="bbox 1839 3760 2228 3808">
     <span class='ocr_line' id='line_1_94' title="bbox 1839 3760 2228 3808; baseline 0.008 -4"><span class='ocrx_word' id='word_1_431' title='bbox 1839 3760 1856 3789; x_wconf 83' lang='grc'><strong>3</strong></span> <span class='ocrx_word' id='word_1_432' title='bbox 1888 3761 2115 3806; x_wconf 82' lang='lat' dir='ltr'>salacibus</span> <span class='ocrx_word' id='word_1_433' title='bbox 2145 3777 2154 3806; x_wconf 90' lang='lat'>:</span> <span class='ocrx_word' id='word_1_434' title='bbox 2179 3763 2228 3808; x_wconf 85' lang='lat' dir='ltr'>P.</span> 
     </span>
    </p>
   </div>
   <div class='ocr_carea' id='block_1_19' title="bbox 2523 0 2606 2523">
    <p class='ocr_par' dir='ltr' id='par_1_20' title="bbox 2523 0 2606 2523">
     <span class='ocr_line' id='line_1_95' title="bbox 2523 0 2606 2523; baseline 0 0"><span class='ocrx_word' id='word_1_435' title='bbox 2523 0 2606 2523; x_wconf 95' lang='lat' dir='ltr'> </span> 
     </span>
    </p>
   </div>
  </div>
 </body>
</html>
