2606 4126
746 261 957 302 INDEX
997 261 1116 301 TER
1124 261 1373 303 TIARUM
1401 261 1483 302 LE
1489 262 1524 301 C
1530 262 1570 301 T
1563 263 1682 302 [ΟΝ
1682 255 1784 302 UM.
2198 259 2295 313 205

239 355 403 395 Marcus
429 361 471 395 et
499 354 786 394 Marcellianus

242 408 375 448 Maria
404 408 652 460 Magdalena

242 461 408 501 Martha

242 514 422 553 Martina

241 567 444 606 Martinus
470 566 687 619 episcopus

240 620 443 660 Martinus
470 632 580 672 papa

240 673 421 712 Mathias

240 725 449 765 Mattheus

240 779 454 819 Mauritius

239 832 493 871 Melehiades

240 885 450 924 Metranus

239 938 420 977 Michael
447 937 716 989 archangelus

239 1064 446 1104 Nativitas
474 1064 642 1104 Ioannis
670 1053 880 1116 Baptistae

238 1118 281 1156 N
283 1117 446 1157 ativitas
474 1117 633 1157 Mariae
660 1117 827 1168 virginis

1068 354 1131 393 Ex
1159 354 1284 406 gestis
1313 354 1357 395 S.
1389 354 1620 395 Sebastiani
1649 354 1758 406 apud
1789 354 1965 430 Sprium.

1063 513 1174 553 Ado.

1063 618 1236 658 Platina.

1060 673 1155 711 Act.
1184 672 1332 723 Apost.
1363 673 1387 712 i.
1419 673 1573 723 15-26
1603 678 1643 712 et
1671 673 1834 712 caeteri.

1064 725 1206 764 Codex
1227 726 1514 777 Apocryphus,
1537 725 1748 765 Historiae
1769 726 2048 778 Apostolicae.

1065 831 1240 870 Platina.

1066 884 1281 932 Eusebius,
1313 883 1386 923 lib.
1416 894 1481 923 VI.
1509 897 1599 936 cap.
1630 884 1738 923 xxxi.

1064 937 1238 989 Dionys.
1270 937 1478 989 Areopag.
1508 938 1574 978 De
1602 938 1764 978 coelest.
1797 938 2012 978 Hierareh.
2042 952 2133 991 cap.
2163 940 2216 978 vi.

1064 1064 1164 1103 Luc.
1194 1064 1219 1103 i.
1251 1075 1379 1116 5--25
1411 1071 1451 1104 et
1482 1065 1653 1115 57—65.

1064 1117 1206 1156 Codex
1226 1118 1514 1169 Apocryphus,
1536 1118 1725 1158 Historia
1744 1119 1796 1158 de
1815 1119 1857 1158 N
1861 1119 1957 1158 ativ.
1980 1120 2150 1160 Mariae.

235 1171 506 1212 Nativitatem
523 1170 707 1220 Domini,
727 1171 814 1210 dies
830 1178 942 1210 sexta
958 1177 1050 1223 post
1071 1171 1213 1210 Lectio
1233 1184 1283 1210 ex
1304 1172 1421 1211 Brev.
1448 1172 1572 1210 Rom.
1594 1172 1688 1212 Vet.

236 1224 435 1264 Nicolaus

239 1355 477 1407 Pamphilus

239 1409 395 1448 Pascha

237 1462 386 1501 Paulus
413 1461 766 1514 primuseremita

237 1516 392 1563 Petrus,
426 1515 675 1562 Dorotheus,
705 1521 784 1555 etc.

235 1569 378 1608 Petrus
405 1574 447 1608 et
475 1569 625 1608 Paulus

237 1622 379 1661 Petrus
406 1622 623 1674 episcopus

236 1675 398 1715 Phileas
425 1681 466 1715 et
495 1675 755 1714 Philoromus

235 1729 452 1780 Philippus
480 1734 521 1768 et
550 1729 728 1768 Iacobus

236 1782 333 1821 Pius
360 1795 470 1834 papa

235 1835 484 1887 Polycarpus

236 1941 463 1981 Pontianus
489 1954 599 1993 papa

235 1995 481 2035 Potentiana
509 1994 802 2044 (Pudentiana)

235 2049 513 2088 Praesentatio
540 2048 708 2100 virginis

236 2102 432 2141 Praxedis

235 2156 396 2195 Priscus
423 2160 499 2195 etc.

235 2209 472 2249 Ptolomeus
499 2212 578 2248 etc.

233 2329 518 2381 Quadraginta
544 2328 694 2368 milites

233 2450 475 2492 Saturninus
503 2456 543 2490 et
575 2450 778 2491 Sisinnius

232 2504 431 2556 Seraphia

233 2558 401 2598 Simeon
429 2556 645 2609 episcopus

232 2612 377 2651 Simon
405 2616 445 2650 et
471 2610 596 2650 Iudas

232 2665 466 2717 Stephanus
493 2676 604 2715 papa

231 2718 463 2769 Stephanus
491 2723 765 2769 protomartyr

231 2771 437 2823 Sylvester
465 2783 572 2822 papa

232 2825 512 2877 Symphorosa

230 2945 413 2985 Thomas
440 2945 650 2996 apostolus

229 2999 413 3038 Thomas
441 2997 613 3049 aquinas

230 3052 413 3091 Thomas
440 3051 772 3103 archiepiscopus

229 3105 536 3155 Thelesphorus

228 3158 473 3198 Timotheus

228 3211 442 3251 Trinitatis
468 3211 617 3251 festum

227 3330 471 3372 Valerianus
499 3336 540 3370 et
567 3330 779 3369 Tiburtius
807 3336 883 3370 etc.

228 3438 373 3478 Victor
399 3442 440 3477 et
468 3436 632 3477 Corona

227 3491 468 3531 Vincentius
496 3496 536 3529 et
566 3490 809 3530 Anastasius

228 3545 406 3584 Vincula
434 3544 476 3583 S.
512 3543 622 3582 Petri

228 3597 410 3650 Virginis
430 3597 621 3636 Officium
642 3602 735 3649 post
754 3597 917 3636 advent.
936 3609 1023 3648 usq.

280 3652 334 3691 ad
362 3650 516 3702 pascha

432 3703 639 3756 atpascha
665 3703 718 3743 ad
746 3708 972 3755 pentecost.

1066 1224 1344 1264 Mombritius.

1066 1355 1359 1406 Hieronymus,
1393 1368 1483 1407 cap.
1512 1355 1620 1394 lxxv.

1064 1408 1208 1448 Lectio
1236 1422 1286 1447 ex
1315 1409 1435 1447 Brev.
1467 1410 1587 1448 Rom.
1623 1409 1719 1447 Vet.

1062 1461 1160 1501 Vita
1188 1475 1211 1500 a
1242 1462 1393 1501 Sancto
1425 1462 1681 1513 Hieronymo
1710 1462 1995 1514 (Patrologia).

1063 1515 1277 1564 Eusebius,
1310 1515 1381 1553 lib.
1411 1525 1513 1555 v111.
1548 1528 1636 1566 cap.
1668 1515 1722 1553 vi.

1063 1569 1206 1608 Codex
1225 1568 1511 1620 Apocryphus,
1535 1568 1745 1608 Historiae
1765 1569 2041 1620 Apostolicae.

1063 1674 1277 1722 Eusebius,
1309 1674 1381 1713 lib.
1411 1684 1512 1714 V111.
1544 1687 1634 1724 cap.
1670 1688 1731 1714 10.

1063 1728 1208 1790 Codex
1227 1728 1515 1780 Apocryphus,
1539 1728 1750 1767 Historiae
1770 1728 2052 1780 Apostolicae.

1063 1782 1355 1885 ffffiigfiymus‚
1376 1847 1467 1890 cap.
1488 1834 1584 1873 xvii.
1605 1840 1646 1874 et
1666 1835 1882 1883 Eusebius,
1901 1835 1973 1874 lib.
1997 1846 2059 1875 lv.
2080 1849 2195 1888 capp.
2214 1837 2292 1876 xiv.

1064 1894 1248 1980 ΡΙΣξίιξέ.

1063 1994 1338 2034 Mombritius.

1062 2048 1206 2087 Codex
1226 2047 1511 2100 Apocryphus,
1538 2047 1725 2088 Historia
1744 2048 1796 2088 de
1817 2049 1858 2087 N
1862 2049 1959 2088 ativ
1982 2014 2152 2089 Mariae.

1063 2101 1338 2141 Mombritius.

1058 2155 1168 2193 Ado.

1062 2207 1277 2254 Eusebius,
1306 2207 1379 2247 lib.
1413 2218 1474 2247 IV.
1504 2221 1596 2260 cap.
1626 2207 1723 2247 xvii.

1060 2328 1170 2367 Ado.

1063 2450 1126 2488 Ex
1155 2449 1279 2501 gestis
1309 2450 1354 2488 P.
1386 2449 1572 2488 Marcelli
1601 2449 1712 2500 apud
1742 2450 1906 2490 Surium
1922 2464 1933 2497 3
1962 2450 2027 2489 vel
2057 2463 2105 2489 ex
2132 2450 2294 2489 Adone.

1061 2503 1277 2601 ssgsf'ebius,
1308 2556 1378 2594 lib.
1412 2566 1480 2595 111.
1514 2569 1632 2607 capp.
1666 2570 1705 2594 x.
1735 2562 1775 2596 et
1803 2555 1912 2595 xxxi.

1061 2610 1203 2671 Codex
1225 2609 1512 2661 Apocryphus,
1541 2610 1750 2649 Historiae
1770 2610 2049 2662 Apostolicae.

1060 2664 1333 2768 {lat-mgbosn
1363 2716 1417 2754 vi.
1448 2721 1487 2755 et
1518 2716 1587 2756 vii.

1064 2770 1237 2809 Platina.

1059 2824 1170 2863 Ado.

1058 2943 1238 2995 Johann.
1269 2957 1334 2982 xx.
1359 2945 1516 2993 24—-28
1539 2949 1578 2983 et
1599 2944 1761 2982 caeteri.

1061 3103 1234 3142 Platina.

1059 3157 1154 3195 Act.
1186 3157 1334 3208 Apost.
1366 3156 1444 3195 xvi.
1485 3169 1585 3206 1—3
1616 3163 1656 3195 et
1687 3156 1849 3196 caeteri.

1058 3210 1233 3260 August.
1254 3209 1325 3248 lib.
1347 3210 1398 3249 de
1417 3209 1633 3249 Trinitate.
1665 3210 1807 3250 Lectio
1827 3223 1875 3250 ex
1898 3211 2013 3250 Brev.
2039 3212 2159 3250 Rom.
2182 3213 2277 3251 Vct.

1059 3329 1227 3390 Simeon
1256 3328 1557 3380 Metaphrastes
1590 3329 1631 3368 in
1660 3330 1744 3369 vita
1773 3330 1815 3370 S.
1846 3330 2051 3371 Caeciliae
2080 3333 2189 3384 apud
2221 3334 2295 3371 Su-

1056 3436 1096 3475 A
1098 3396 1228 3476 caum.

1055 3489 1224 3529 Simeon
1254 3489 1556 3540 Metaphrastes
1584 3490 1695 3541 apud
1725 3490 1901 3530 Surium.

1060 3543 1156 3582 Act.
1187 3543 1336 3594 Apost.
1366 3542 1435 3581 xii.
1470 3555 1611 3582 1—11.

1057 3597 1234 3647 August.
1273 3609 1323 3634 ex
1359 3596 1495 3635 dubiis
1524 3596 1780 3636 sermonibus
1825 3606 1983 3636 CCV111.
2024 3598 2065 3636 in
2094 3598 2196 3638 sesto
2234 3612 2294 3638 as-

1112 3649 1369 3700 sumptionis.

1056 3702 1251 3742 Bernard.
1271 3703 1395 3742 Dom.
1416 3702 1522 3741 infra
1541 3708 1621 3742 oct.
1639 3702 1733 3743 Ass.
1754 3704 1799 3743 B.
1814 3703 1866 3743 V.
1880 3704 1940 3743 M.
1989 3704 2133 3745 Sermo
2151 3706 2173 3754 ἕ
2198 3719 2230 3754 ῐ,
2258 3719 2293 3745 2.
