2560 4134
934 254 1216 293 SABBATO
1253 255 1343 293 AD
1378 255 1640 297 LAUDES.
2264 250 2324 302 Ῐ7

343 349 753 416 Deuorabitque
771 355 968 399 terram
991 364 1114 399 cum
1137 364 1255 413 ger-

270 421 416 472 mine
456 421 548 472 suo
588 440 600 472 :
644 429 699 471 et
745 420 1014 470 montium
1062 419 1254 469 funda-

269 499 455 542 menta
492 491 790 542 comburet.
1058 544 1060 546 ,

339 562 702 629 Congregabo
735 561 892 628 super
929 577 1022 611 eos
1056 558 1200 610 mala
1243 577 1253 609 :

267 639 323 684 et
349 633 571 699 sagittas
598 649 748 684 meas
769 630 1059 698 complebo
1080 631 1134 680 in
1161 631 1252 681 eis,

339 703 738 756 Consumentur
763 703 906 753 fame
937 710 993 752 et
1025 702 1253 752 deuora-

266 775 404 825 bunt
430 791 524 825 eos
550 791 679 825 aues
710 773 885 824 morsu
915 771 1251 833 amarissimO,

338 845 547 896 Dentes
573 844 860 896 bestiarum
882 844 1175 894 immittam
1199 843 1252 892 in

266 933 359 967 eos
382 935 392 967 τ
412 933 537 967 cum
558 916 735 967 surore
751 914 1083 967 trahentium
1101 914 1257 980 super

267 995 484 1049 terram,
509 994 676 1053 atque
701 986 1040 1053 serpentium.

243 1054 249 1059 ’
341 1059 495 1109 Foris
535 1057 765 1109 vastabit
803 1074 896 1108 eos
933 1056 1163 1123 gladiuS,
1200 1062 1256 1106 et

268 1129 414 1180 intus
445 1146 616 1195 pauor
656 1148 667 1179 ε
707 1129 959 1179 iuuenem
1002 1126 1154 1177 fimul
1192 1143 1256 1177 ac

267 1200 549 1267 virginem,
568 1196 861 1252 laistentem
882 1215 1007 1250 cum
1033 1198 1255 1249 homine

269 1270 406 1323 sene.

341 1343 416 1393 Et
440 1342 574 1404 dixi,
593 1341 835 1395 Vbinam
863 1341 1021 1392 sunt?
1058 1340 1255 1391 cessare

267 1412 464 1464 faciam
489 1430 563 1465 ex
588 1413 901 1465 hominibus
936 1412 1276 1464 memoriam*

269 1501 475 1536 eorum.

342 1555 454 1607 Sed
486 1562 709 1622 propter
742 1555 876 1606 iram
912 1554 1254 1605 inimicorum

268 1626 446 1678 distuli
465 1643 561 1679 :ne
579 1626 718 1678 sorte
734 1625 1256 1693 superbirenthostes

268 1715 470 1759 eorum,

341 1769 416 1821 Et
440 1769 694 1830 dicerent,
722 1769 924 1819 Manus
950 1767 1127 1819 nostra
1159 1785 1256 1819 ex-

267 1839 405 1891 celsa
434 1860 445 1892 :
474 1848 529 1892 et
553 1857 663 1892 non
690 1839 959 1901 dominuS,
986 1839 1114 1891 fecit
1139 1837 1257 1890 haec

267 1912 466 1964 omnia.

342 1982 490 2034 Gens
510 1981 710 2049 absque
730 1982 948 2033 consilio
968 1980 1056 2041 est,
1077 1988 1131 2032 et
1149 1981 1255 2032 fine

268 2054 556 2121 prudentia
605 2074 616 2106 :
657 2054 866 2106 vtinam
911 2053 1157 2119 saperent
1202 2060 1257 2104 et

267 2125 645 2192 intelligerent,
672 2141 735 2176 ac
762 2125 1043 2176 nouissima
1074 2125 1256 2191 proui-

267 2198 472 2249 derent.

340 2267 639 2335 Quomodo
700 2266 1053 2334 persequatur
1116 2283 1255 2318 vnus

270 2339 419 2390 mille
460 2358 470 2390 :
515 2346 571 2391 et
613 2339 724 2390 duo
767 2338 1020 2405 fugarent
1063 2338 1254 2389 decem

269 2409 479 2461 millia?

343 2481 544 2532 Nonne
594 2481 733 2543 ideo,
777 2480 906 2548 quia
955 2480 1091 2532 deus
1132 2479 1255 2531 suus

267 2553 514 2604 vendidit
555 2569 648 2603 eos
692 2571 702 2603 :
743 2559 799 2603 et
835 2553 1091 2603 dominus
1129 2569 1256 2603 con-

269 2623 420 2675 clufit
447 2623 607 2675 illos?

341 2696 469 2746 Non
510 2692 654 2746 enim
692 2694 767 2745 est
801 2695 937 2746 deus
969 2694 1159 2756 noster,
1197 2702 1256 2746 vt

267 2765 340 2832 dij
371 2782 557 2817 eorum
585 2784 596 2817 z
622 2773 677 2818 et
703 2766 905 2817 inimici
941 2765 1102 2817 nostri
1137 2765 1258 2818 sunt

270 2838 488 2888 iudiceS.

339 2910 427 2960 De
469 2905 630 2960 vinea
678 2908 1059 2969 Sodomorum,
1099 2909 1258 2960 vinea

267 2996 453 3031 eorum
501 2999 512 3031 :
555 2987 611 3031 et
655 2980 725 3031 de
775 2980 1092 3031 suburbanis
1147 2979 1256 3031 Go-

270 3051 518 3103 morrhae.

279 3137 282 3139 ·
339 3123 465 3174 Vua
474 3139 791 3186 eorum,vua
808 3121 947 3174 sellis
964 3141 975 3174 ;
994 3129 1049 3174 et
1067 3122 1255 3174 botrus

175 3186 179 3189 ’
269 3194 638 3245 amarissimus

342 3264 439 3324 Fel
470 3265 770 3316 draconum
795 3264 983 3316 vinum
1019 3281 1205 3316 eorum
1245 3282 1256 3317 :

269 3343 324 3387 et
349 3347 618 3387 venenum
646 3336 892 3403 aspidum
919 3336 1225 3388 insanabile.

343 3407 541 3458 Nonne
567 3407 685 3458 haec
710 3407 931 3458 condita
958 3406 1078 3458 sunt
1109 3408 1256 3474 apud

272 3476 359 3528 me
387 3498 397 3529 :
422 3486 477 3529 et
502 3478 709 3543 signata
736 3478 788 3528 in
810 3478 1070 3529 thesauris
1093 3479 1258 3530 meis?

343 3550 470 3601 Mea
497 3549 571 3600 est
591 3549 725 3600 vltio
750 3556 804 3600 et
831 3566 934 3615 ego
961 3550 1255 3600 retribuam

691 3686 706 3713 ¹
740 3686 925 3731 dicent:
956 3687 1010 3731 A.

323 3757 327 3760 Δ
415 3787 460 3825 B.
490 3785 544 3824 Ν.

1338 348 1414 398 eis
1460 348 1512 399 in
1564 355 1826 415 tempore,
1867 356 1925 400 vt
1971 348 2186 401 labatur
2227 366 2324 416 pes

1337 436 1550 469 eorum:

1410 490 1578 541 quta
1614 489 1687 540 est
1722 490 1839 540 dies
1875 491 2235 557 perditionis:
2270 497 2324 542 et

1336 561 1514 611 adesse
1540 560 1790 612 festinant
1816 569 2078 627 tempora.

1409 631 1680 682 Iudicabit
1741 632 1997 682 dominus
2058 631 2323 699 populum

1337 702 1486 752 suum
1530 721 1540 752 ε
1581 710 1636 753 et
1675 703 1728 753 in
1768 703 1927 754 seruis
1967 703 2069 754 suis
2114 702 2325 754 misere-

1336 773 1497 824 bitur.

1408 843 1637 895 Videbit
1662 845 1808 911 quod
1838 844 2109 896 infirmata
2130 846 2189 896 s1t
2212 863 2325 896 ma-

1339 930 1439 964 nus
1464 931 1475 965 :
1502 923 1557 966 et
1577 915 1734 966 clausi
1756 933 1974 982 quoque
1995 916 2322 978 defecerunt,

1339 985 1638 1052 residuique
1665 987 1970 1053 consumpti
1998 987 2131 1040 sunt.

1414 1057 1486 1107 Et
1508 1055 1691 1118 dicet¹,
1714 1058 1824 1109 Vbi
1852 1058 1971 1108 sunt
1998 1058 2070 1124 dij
2103 1076 2289 1110 eorum
2313 1078 2324 1111 ε

1338 1128 1391 1178 in
1420 1127 1615 1193 quibus
1641 1128 1921 1180 habebant
1946 1129 2242 1180 fiduciam?

1411 1199 1499 1250 De
1537 1216 1768 1265 quorum
1804 1198 2039 1251 vi&imis
2074 1201 2325 1252 comede·

1338 1269 1473 1321 bant
1498 1271 1688 1337 adipes
1716 1288 1728 1322 ε
1757 1278 1812 1322 et
1846 1271 2110 1323 bibebant
2135 1272 2322 1323 vinum

1337 1341 1675 1394 libaminum.

1412 1412 1667 1479 Surgant,
1695 1420 1749 1464 et
1783 1412 2120 1480 opitulentur
2155 1413 2326 1476 vobiS,

1337 1490 1393 1535 et
1419 1484 1472 1533 in
1500 1485 1806 1536 necesfitate
1831 1502 1927 1536 vos
1954 1492 2260 1551 protegant.

1407 1555 1609 1607 Videte
1634 1557 1781 1622 quod
1809 1573 1912 1622 ego
1938 1556 2031 1607 s1m
2067 1556 2206 1607 solus
2234 1575 2245 1608 :
2271 1563 2326 1608 et

1338 1642 1447 1677 non
1474 1626 1535 1677 fit
1561 1626 1696 1677 alius
1724 1627 1858 1678 deus
1885 1634 2084 1694 praeter
2108 1643 2212 1689 me,

1411 1698 1534 1763 Ego
1560 1698 1821 1759 occidam,
1842 1706 1897 1749 et
1918 1715 2020 1765 ego
2040 1699 2221 1750 viuere
2248 1698 2327 1749 fa-

1339 1769 1478 1819 ciam
1509 1786 1520 1821 :
1548 1770 1864 1835 percutiam,
1887 1777 1943 1820 et
1964 1787 2067 1837 ego
2094 1769 2326 1822 sanabo:

1339 1848 1393 1891 et
1412 1857 1518 1890 non
1541 1839 1628 1902 est,
1649 1841 1741 1907 qui
1759 1841 1828 1892 de
1846 1857 2010 1892 manu
2030 1847 2151 1892 mea
2171 1843 2328 1908 poffit

1338 1928 1536 1963 eruere.
2040 1940 2043 1944 ·

1410 1982 1635 2033 Leuabo
1656 1983 1724 2034 ad
1746 1982 1946 2034 coelum
1969 1999 2191 2034 manum
2217 2000 2328 2035 me-

1337 2069 1425 2104 am
1456 2073 1466 2105 :
1493 2062 1548 2105 et
1569 2054 1765 2114 dicam,
1787 2055 1935 2107 Viuo
1955 2072 2059 2122 ego
2086 2056 2139 2106 in
2172 2062 2327 2106 aeter-

1338 2142 1486 2176 num.

1411 2196 1470 2248 Si
1513 2213 1710 2247 acuero
1753 2203 1814 2248 vt
1854 2196 2035 2263 fulgur
2077 2196 2324 2264 gladium

1339 2283 1521 2318 meum
1573 2286 1583 2318 :
1634 2275 1688 2318 et
1738 2268 2022 2335 arripuerit
2066 2269 2325 2320 iudicium

1338 2354 1534 2389 manus
1574 2355 1711 2401 mea,

1410 2410 1663 2461 Reddam
1744 2409 2007 2461 vltionem
2086 2408 2327 2462 hostibus

1339 2482 1472 2532 meis
1501 2499 1511 2531 :
1538 2489 1592 2532 et
1618 2481 1717 2545 his,
1745 2482 1838 2548 qui
1865 2482 2097 2533 oderunt
2125 2499 2228 2544 me,
2248 2499 2328 2534 re-

1338 2553 1591 2604 tribuam.

1411 2623 1703 2675 Inebriabo
1744 2623 1968 2690 sagittas
2012 2640 2162 2675 meas
2212 2624 2329 2676 san-

1337 2695 1501 2761 guine
1539 2714 1549 2746 :
1587 2703 1643 2747 et
1675 2695 1892 2762 gladius
1924 2713 2077 2747 meus
2104 2696 2329 2748 deuora-

1339 2768 1419 2818 bit
1446 2783 1650 2830 carneS,

1413 2838 1499 2888 De
1543 2854 1730 2889 cruore
1774 2837 2071 2889 occisorum
2111 2857 2122 2889 :
2161 2845 2215 2890 et
2260 2839 2329 2890 de

1341 2909 1663 2975 captiuitate
1726 2909 1917 2961 nudati
1986 2910 2330 2961 inimicorum

1340 2981 1550 3047 capitis

1415 3052 1668 3102 Laudate
1694 3059 1887 3118 gentes
1913 3051 2178 3119 populum
2200 3053 2331 3115 eiuS‚

1340 3123 1468 3189 quia
1489 3123 1806 3189 sanguinem
1825 3123 2096 3174 seruorum
2117 3123 2329 3175 suorum

1340 3194 1633 3256 vlciscetur,

1413 3267 1488 3317 Et
1497 3263 1795 3317 vindkstam
1813 3266 2074 3316 retribuet
2092 3266 2143 3316 in
2154 3266 2332 3317 hostes

1341 3353 1529 3388 eorum
1574 3353 1585 3388 :
1627 3344 1682 3388 et
1724 3337 1992 3404 propitius
2032 3338 2134 3388 erit
2175 3345 2330 3389 terrae

1342 3407 1529 3475 populi
1558 3407 1647 3460 sui.

1438 3547 1646 3599 Deinde
1674 3546 2016 3599 Benedi&US.
2029 3549 2113 3613 so,
2145 3547 2209 3613 5².

1622 3687 1637 3714 2
1668 3686 1776 3730 vide
1795 3701 1837 3743 p.
1856 3699 1892 3730 2.

2160 3789 2189 3825 2
