2560 4134
213 277 284 317 20

213 393 661 446 praeoccupemus
713 376 936 430 faciem¹
989 379 1106 430 eius
1159 378 1213 429 in

214 449 540 502 confessione
580 471 591 503 :
629 458 685 503 et
723 451 778 502 in
817 451 1039 518 psalmis
1077 451 1215 502 iubi-

215 521 392 573 lemus
419 523 480 574 ei.
1110 528 1117 535 ’

289 593 569 661 Quoniam
621 594 758 646 deus
818 611 1053 661 magnus
1116 595 1214 646 do-

217 665 398 717 minus
456 686 466 718 :
516 674 571 718 et
621 684 722 718 rex
773 683 1008 733 magnus
1060 665 1217 734 super

217 754 411 789 omnes
448 738 583 789 deos
624 757 636 790 ε
676 740 940 806 quoniam
982 755 1093 789 non
1134 755 1215 789 re-

217 809 386 876 pellet
430 811 689 862 dominus
734 810 954 878 plebem
1001 810 1150 861 suam
1204 829 1215 860 :

216 882 346 948 quia
387 882 442 932 in
489 899 655 934 manu
702 884 817 934 eius
859 882 980 934 sunt
1021 899 1214 933 omnes

218 953 352 1005 fines
386 961 545 1006 terrae
573 974 584 1006 z
612 962 667 1006 et
702 954 1023 1006 altitudines
1060 971 1214 1006 mon-

216 1025 353 1077 tium
382 1026 492 1093 ipse
519 1027 793 1094 conspicit.

289 1096 569 1164 Quoniam
603 1099 763 1166 ipsius
799 1098 875 1151 est
915 1115 1066 1149 mare
1109 1117 1119 1149 :
1161 1104 1216 1148 et

215 1169 325 1236 ipse
352 1170 479 1222 fecit
507 1171 641 1222 illud
673 1191 683 1223 :
713 1178 768 1222 et
789 1171 1000 1222 aridam
1024 1171 1216 1222 funda-

217 1250 414 1301 uerunt
453 1260 650 1294 manus
690 1244 819 1295 eiuS.
859 1243 1043 1294 venite
1084 1243 1216 1293 ado-

217 1331 399 1365 remus
418 1333 430 1366 :
452 1316 868 1382 etprocidamus
881 1323 1009 1366 ante
1019 1314 1186 1366 deum
1205 1333 1216 1365 :

217 1386 495 1452 ploremus
546 1404 731 1439 coram
784 1388 1014 1438 domino
1063 1403 1076 1438 z
1120 1386 1214 1453 qui

215 1458 343 1510 fecit
370 1476 470 1510 nos
506 1479 517 1511 :
552 1461 682 1527 quia
717 1459 827 1526 ipse
854 1459 930 1510 est
957 1459 1216 1510 dominus

214 1531 352 1582 deus
379 1530 557 1582 noster
584 1551 594 1583 :
622 1548 722 1582 nos
750 1538 937 1582 autem
973 1530 1215 1598 populus

213 1604 344 1665 eiUS,
371 1611 427 1654 et
453 1621 586 1655 oues
612 1603 826 1671 pascuae
853 1604 982 1655 eius

290 1676 478 1727 Hodie
498 1676 533 1726 fi
551 1692 745 1727 vocem
763 1675 879 1727 eius
898 1675 1180 1727 audieritis
1202 1694 1212 1725 :

215 1747 386 1800 nolite
436 1748 709 1799 obdurare
760 1747 928 1799 corda
977 1747 1160 1798 vestra
1203 1766 1214 1799 :

213 1819 346 1872 sicut
373 1820 426 1871 in
456 1820 884 1873 exacerbatione
916 1819 1212 1871 secundum

213 1893 362 1944 diem
392 1892 723 1944 'tentationis
759 1893 814 1943 in
846 1892 1059 1944 deserto
1086 1911 1096 1943 ε
1122 1892 1214 1943 vbi

211 1972 578 2017 tentauerunt·
619 1982 709 2016 me
763 1971 950 2032 patres
995 1963 1155 2016 vestri
1202 1983 1214 2015 ε

211 2037 601 2104 probauerunt,
640 2045 697 2090 et
739 2038 998 2089 viderunt
1041 2053 1212 2104 opera

215 2127 356 2161 mea.

286 2181 673 2249 Quadraginta
718 2182 877 2233 annis
923 2181 1214 2248 proximus

213 2254 288 2306 fui
333 2255 677 2322 generationi
728 2253 856 2305 huic
910 2271 920 2305 :
973 2260 1028 2304 et
1078 2254 1212 2316 dixi,

212 2327 423 2394 semper
457 2326 512 2377 hi
540 2333 725 2378 errant
755 2326 936 2377 corde.
965 2324 1058 2392 ipsi
1085 2343 1216 2377 vero

212 2417 322 2450 non
351 2405 731 2466 cognouerunt
757 2399 876 2449 vias
904 2415 1068 2449 meas,
1097 2399 1216 2465 qui-

212 2472 313 2522 bus
354 2472 526 2522 iuraui
564 2472 618 2521 in
655 2471 734 2521 ira
770 2487 894 2521 mea
930 2489 940 2521 :
975 2469 1010 2520 s1
1048 2470 1216 2521 intro-

213 2546 370 2595 ibunt
397 2543 452 2593 in
480 2543 724 2610 requiem
752 2558 947 2594 meam.
1026 2541 1215 2594 Gloria

212 2614 394 2684 patri2.

282 2687 495 2739 Deinde
520 2686 762 2738 Domine
794 2684 1212 2754 praestolamur³.

212 2768 274 2812 vt
275 2761 464 2827 snpra.
498 2759 1056 2826 Praedic‘lnspsalmns
1064 2758 1215 2810 modo

199 2832 455 2900 proedz'c‘io
480 2831 683 2883 dicitnr
693 2839 798 2898 per
818 2839 987 2883 totum
1006 2848 1213 2882 annum

210 2923 329 2957 cnm
362 2903 677 2956 innitatorio
710 2903 947 2969 tempori,
973 2903 1061 2954 vel
1075 2903 1215 2971 fistO

211 2977 610 3037 accommodate,
633 2983 997 3042 praeterquam
1027 2974 1088 3027 in
1115 2975 1215 3027 tri-

212 3050 316 3101 duo
340 3057 464 3101 ante
475 3048 688 3115 pasclza.
715 3047 960 3115 hymnus,

323 3164 420 3217 Ox
459 3162 605 3215 clara
642 3179 769 3214 ecce
810 3162 1028 3214 intonat
1067 3180 1078 3213 z
1117 3162 1215 3213 ob-

347 3236 497 3287 scura
524 3252 743 3302 queque
771 3235 1030 3301 increpat.
1094 3234 1214 3286 Pel-

211 3309 394 3360 lantur
414 3309 629 3359 eminus
657 3306 866 3358 somnia
887 3326 897 3358 :
919 3307 990 3358 ab
1010 3306 1215 3358 aethere

213 3380 456 3434 Christus
484 3379 771 3447 promicat.

287 3453 448 3503 Mens
493 3452 604 3502 iam
650 3451 892 3518 resurgat
936 3450 1157 3518 torpida
1203 3469 1213 3501 ε

212 3543 337 3592 quae
389 3524 543 3575 sorde
593 3531 753 3575 extat
803 3523 993 3575 saucia.
1048 3522 1210 3590 sydus

301 3615 317 3643 1
349 3615 532 3659 facem:
567 3616 616 3657 P.

300 3674 318 3701 2
349 3674 460 3718 ficut
482 3681 581 3718 erat
604 3688 613 3717 :
644 3673 747 3716 add.
774 3674 828 3717 R.
855 3674 903 3716 P.
928 3674 983 3717 A.

298 3734 315 3760 3
346 3741 430 3776 etc.
455 3748 463 3776 :
495 3732 600 3774 add.
626 3732 681 3773 R.
709 3734 757 3774 Ρ.
782 3733 835 3775 Α.

299 3790 316 3818 4
349 3799 434 3836 etc.
460 3806 468 3835 :
501 3791 608 3834 add.
639 3791 689 3833 R.
719 3792 765 3835 P.
790 3791 845 3834 A.

777 284 1023 324 DOMINI
1023 283 1096 324 CA
1133 283 1334 323 PRIMA
1352 307 1354 310 v
1373 282 1737 325 ADUENTUS.

1300 377 1534 446 refulget
1577 380 1685 430 iam
1730 396 1936 431 nouum
1985 398 1997 431 ε
2041 384 2103 432 vt
2143 377 2305 432 tollat

1301 466 1469 501 omne
1497 453 1748 503 noxium.

1375 522 1425 573 E
1487 523 1689 580 sursum
1753 540 1929 590 agnus
1990 523 2226 575 mittitur
2292 539 2304 574 τ

1301 593 1493 645 laxare
1542 596 1713 662 gratis
1759 595 2009 647 debitum
2055 614 2066 646 ε
2110 611 2304 646 omnes

1301 683 1403 733 pro
1455 666 1816 734 indulgentia.
1866 684 2060 719 vocem
2106 667 2303 719 demus

1300 755 1427 789 cum
1455 738 1764 806 lachrymis,

1375 810 1633 863 Secundo
1654 819 1712 863 vt
1733 827 1858 862 cum
1880 810 2084 862 fulserit
2108 829 2119 862 :
2146 826 2305 862 mun-

1301 882 1547 949 dumque
1566 882 1757 934 horror
1776 884 2015 935 cinxerit
2039 903 2050 930 r
2073 899 2183 934 non
2205 899 2305 950 pro

1303 962 1456 1005 reatu
1490 955 1699 1021 puniat,
1733 955 1824 1007 sed
1867 956 1991 1022 pius
2034 971 2135 1006 nos
2171 962 2305 1007 tunc

1302 1034 1572 1094 protegat.

1377 1099 1540 1162 LauS,
1564 1098 1754 1159 honor,
1780 1099 1967 1161 virtuS‚
1994 1098 2170 1166 gloria
2197 1099 2306 1151 deo

1301 1171 1460 1238 patri,
1487 1178 1543 1222 et
1578 1170 1705 1229 filio,
1734 1169 1921 1223 saneto
1956 1170 2111 1222 fimul
2145 1188 2303 1239 para-

1302 1241 1462 1305 clet0,
1483 1243 1537 1293 in
1561 1243 1862 1294 seculorum
1884 1243 2074 1295 secula.
2102 1243 2305 1295 Amen.

1374 1315 1682 1366 Proediaus
1720 1315 1951 1382 hymnus
1989 1315 2195 1367 dicitur
2231 1314 2313 1366 ad

1303 1387 1635 1438 matutinum
1661 1387 1818 1453 vsque
1836 1387 1915 1438 ad
1935 1387 2187 1454 vigiliam
2209 1404 2306 1439 na-

1303 1459 1543 1510 tiuitatis
1568 1459 1820 1526 inclnstne
1842 1467 1956 1511 tam
1984 1459 2043 1510 in
2072 1458 2306 1511 domini-

1300 1530 1389 1593 ciS,
1415 1548 1578 1598 qnam
1607 1531 1862 1599 inferiis,
1891 1531 1994 1598 nist
2016 1540 2221 1598 agatur
2242 1531 2308 1583 de

1285 1603 1493 1668 sande.
1557 1603 1689 1671 Post
1706 1603 1964 1669 hymnum
2000 1603 2310 1655 immediate

1300 1675 1559 1727 dicuntur
1583 1683 1690 1727 tres
1708 1675 1928 1741 psalmi.
1957 1684 2020 1727 vt
2035 1675 2176 1742 sant
2196 1675 2305 1742 dis-

1301 1747 1498 1800 tributi
1521 1748 1579 1799 in
1601 1747 1874 1815 psalteria,
1901 1748 2095 1814 quibus
2116 1748 2308 1816 finitis

1299 1819 1515 1872 dicitnr.
1574 1821 1738 1872 Pater
1764 1817 1978 1873 noster.⁴
2044 1820 2101 1873 V.
2133 1821 2208 1873 Et
2235 1838 2306 1873 ne

1301 1909 1417 1944 nOS.
1475 1893 1545 1944 R.
1591 1892 1704 1945 Sed
1732 1892 1904 1949 libera
1930 1910 2044 1944 nos,
2094 1892 2307 1945 Deinde

1300 1964 1561 2016 dieantur
1591 1973 1699 2016 tres
1734 1964 1988 2027 leHiones,
2014 1972 2066 2016 et
2094 1964 2309 2017 cuilibet

1287 2036 1665 2103 proemittitur.
1763 2036 1821 2089 V.
1883 2037 2021 2088 Iube
2080 2037 2304 2089 domine

1301 2109 1637 2161 benedicere.
1701 2108 1787 2160 Et
1808 2109 1888 2160 ad
1901 2109 2166 2176 primam,
2191 2126 2310 2178 quoe

1286 2181 1499 2249 semper
1526 2181 1601 2250 est
1621 2182 1813 2234 veteris
1842 2181 2146 2250 testamenti,
2172 2181 2306 2234 dici-

1303 2262 1408 2307 tur.
1446 2253 1764 2307 Benedibiic).
1819 2255 1974 2306 Deus
2001 2261 2160 2322 pater
2185 2271 2306 2306 om-

1302 2326 1560 2394 nipotens
1605 2327 1668 2378 sit
1713 2326 1872 2378 nobis
1923 2327 2196 2395 propitius
2246 2334 2303 2379 et

1301 2399 1558 2451 clemenS.
1633 2399 1701 2450 R.
1753 2399 1960 2451 Amen.

1302 2501 1358 2557 {I
1382 2497 1583 2564 Incipit
1587 2496 1869 2565 prophetia
1891 2496 2050 2564 zstzice.
2072 2497 2221 2550 lenio
2233 2496 2304 2566 :72⁵

1303 2581 1519 2685 VIsio
1569 2582 1712 2633 isaiae
1763 2581 1858 2649 filij
1913 2599 2084 2645 amOS,
2135 2599 2303 2649 quam

1447 2654 1587 2706 vidit
1621 2654 1780 2721 super
1813 2655 2002 2706 iudam
2036 2662 2094 2707 et
2126 2654 2306 2707 hieru-

1301 2726 1467 2778 salem
1504 2727 1558 2777 in
1591 2727 1786 2778 diebus
1821 2726 1990 2789 Oziae,
2030 2726 2304 2790 Ioatham,

1302 2797 1510 2861 achaz⁶‚
1538 2805 1594 2851 et
1627 2798 1898 2861 Ezechiae,
1926 2816 2117 2866 regum
2147 2799 2303 2853 Iuda.

1300 2871 1514 2923 Audite
1548 2870 1689 2933 coeli,
1724 2878 1780 2923 et
1820 2871 2043 2922 auribus
2082 2871 2305 2939 percipe

1299 2951 1458 3005 terra,
1494 2943 1758 3011 quoniam
1794 2943 2053 2995 dominus
2086 2940 2304 2996 locutus

1301 3016 1391 3078 est,
1429 3016 1600 3067 Filios
1636 3015 1887 3078 enutriui‚
1918 3023 1975 3067 et
2009 3014 2256 3068 exaltaui
2293 3035 2306 3069 :

1301 3088 1396 3156 ipsi
1423 3095 1611 3140 autem
1639 3087 1958 3155 spreuerunt
1983 3104 2085 3140 me.
2158 3088 2306 3156 Cog-

1302 3161 1460 3212 nouit
1504 3161 1605 3211 bos
1649 3160 1993 3227 possessorem
2036 3159 2204 3223 suum,
2247 3168 2304 3212 et

1299 3234 1476 3285 asinus
1503 3232 1742 3300 praesepe
1768 3232 1979 3284 domini
2001 3232 2076 3283 sui
2109 3252 2121 3284 z
2147 3232 2302 3284 israel

1301 3313 1488 3357 autem
1537 3322 1649 3356 non
1701 3305 1981 3371 cognouit,
2022 3311 2078 3356 et
2128 3321 2304 3372 popu·

1300 3377 1384 3429 lus
1442 3394 1597 3429 meus
1653 3394 1765 3428 non
1822 3376 2115 3429 intellexit.
2198 3377 2303 3429 Vae

1298 3450 1451 3518 genti
1472 3449 1778 3516 peccatrici,
1798 3447 2005 3516 populo
2025 3448 2181 3516 graui
2201 3449 2305 3500 ini-

1298 3522 1525 3589 quitate,
1547 3521 1734 3572 semini
1761 3537 2015 3588 nequam,
2044 3520 2168 3587 filijs
2195 3520 2305 3572 sce-

1384 3612 1402 3640 5
1432 3626 1534 3669 cap.
1573 3625 1609 3655 1.
1641 3613 1694 3656 in
1727 3612 1942 3670 margine
1970 3627 1979 3656 ε
2003 3613 2060 3655 R.
2082 3613 2139 3656 V.
2162 3612 2218 3655 A.
2251 3610 2302 3668 [i.

1304 3681 1456 3727 1—15.
1500 3673 1609 3714 Has
1628 3673 1820 3728 priores
1848 3671 2064 3715 lectiones
2076 3671 2192 3727 fuse
2219 3671 2301 3715 da-

1298 3744 1414 3774 mus.
1453 3731 1561 3773 vide
1570 3730 1903 3786 praefationem
1925 3727 2172 3787 nostram]

1390 3789 1409 3816 ⁶
1438 3790 1607 3834 Achan
1632 3805 1641 3834 ;
1674 3790 1722 3833 Ρ.
1746 3790 1801 3833 Α.
