2560 4134
1090 236 1155 275 JA
1161 233 1290 275 NUA
1296 232 1454 274 RIUS.

251 334 401 386 nium
444 334 695 389 coenobia
738 332 1076 399 excogitauit
1124 348 1135 382 ε
1181 336 1236 382 et

250 407 412 457 ritum
457 405 607 459 illum
652 403 1043 455 monachorum
1093 402 1234 452 anti-

249 493 418 542 quum
445 483 608 543 atque
633 474 911 542 agrestem,
933 474 1004 524 ad
1031 473 1234 523 formu-

250 546 360 598 lam
387 546 633 614 religioni
660 546 970 613 propiorem
999 544 1232 594 reduxit.

154 667 158 672 .
250 617 470 684 Scripsit
497 617 668 668 multa
694 614 1024 676 sanetisfime,
1041 622 1095 666 et
1121 614 1232 665 elo-

247 689 584 753 quentisfime
627 706 639 738 :
683 703 845 738 nemo
889 686 1035 737 enim
1087 685 1233 735 sacra

247 758 526 810 volumina
564 761 642 824 (vt
678 757 902 809 testatur
939 756 1233 823 Gregorius

248 828 666 894 NazianzenuS,)
729 827 823 895 qui
882 827 1051 878 vitam
1118 827 1232 878 eius

246 900 556 966 conscripsit
600 915 700 950 nec
759 898 1101 965 eloquentius
1152 914 1231 958 e0,

247 987 351 1021 nec
372 971 565 1031 veriuS,
583 987 682 1021 nec
707 970 923 1021 vberius
948 969 1232 1020 enarrauit.

245 1040 402 1108 Obijt
427 1049 611 1093 autern
638 1042 862 1108 corpore
889 1041 996 1091 iam
1024 1056 1121 1107 per
1139 1040 1233 1090 ab-

247 1111 554 1163 stinentiam
581 1112 902 1178 consumpto
930 1130 941 1162 :
967 1128 1091 1162 cum
1119 1111 1236 1161 ossi-

246 1183 349 1234 bus
398 1200 462 1234 ac
512 1183 654 1250 pelle
703 1191 918 1234 tantum
976 1181 1235 1250 superstes

248 1254 377 1306 esset
402 1253 644 1305 calendis
673 1253 930 1320 Ianuarij.

245 1393 300 1450 (I
328 1388 606 1441 Arztlcerus
618 1397 764 1512 {apter
785 1396 1007 1483 rizartyr.
1056 1388 1236 1440 Lec‘Zio

660 1478 719 1512 er
741 1478 796 1511 za
823 1500 835 1512 .

245 1565 565 1668 ANtherus
583 1565 804 1616 natione
821 1581 1029 1631 graecus
1051 1563 1235 1614 Maxi-

386 1637 535 1688 mino
594 1637 920 1703 imperatore
981 1635 1233 1702 pontifex

246 1715 473 1770 creatuS,
525 1707 709 1759 statuit
763 1707 984 1774 primuS,
1035 1714 1093 1758 vt
1150 1723 1234 1756 res

245 1779 409 1846 gestae
448 1786 750 1845 martyrum
788 1778 1081 1845 diligenter
1115 1795 1235 1843 per-

246 1851 465 1916 quifitae,
493 1849 525 1900 a
550 1849 877 1915 notarijsque
904 1849 1235 1914 conscriptae‚

247 1922 300 1972 in
347 1921 549 1987 scrinijs
598 1920 829 1972 eccleslae
880 1921 1233 1971 reconderen-

246 2001 334 2044 tur
380 2009 391 2043 :
435 1999 657 2059 propter
707 1992 1017 2042 Maximum
1065 2007 1235 2057 quen-

245 2065 391 2126 dam,
417 2064 510 2130 qui
533 2064 799 2130 martyrio
822 2069 1114 2114 coronatus
1142 2062 1232 2113 est.

240 2136 391 2186 Item
415 2142 476 2186 vt
502 2135 780 2201 episcopus
802 2133 1014 2184 omisso²
1035 2133 1234 2200 episco-

246 2214 379 2273 patu
417 2207 486 2257 ad
522 2206 690 2257 alium
726 2205 1044 2256 necessitatis
1077 2205 1233 2256 causa

246 2285 301 2329 et
326 2277 592 2338 Vtilitatis,
615 2294 723 2328 non
752 2276 924 2343 ipfius
948 2276 1035 2327 sed
1063 2277 1233 2327 credi-

246 2357 424 2400 tarum
463 2349 664 2409 ouium,
691 2347 1001 2414 interposita
1040 2347 1232 2397 summi

245 2419 518 2487 pontificis
540 2420 869 2470 authoritate
890 2419 1045 2485 possit
1065 2419 1234 2469 trans-

245 2492 384 2542 ferri.
481 2491 733 2541 Tandem
793 2490 1033 2556 suscepto
1093 2507 1233 2540 mar-

245 2563 388 2628 tyrio
433 2562 486 2612 in
531 2561 846 2612 coemeterio
895 2561 1099 2613 Callisti
1144 2562 1234 2612 via

244 2633 433 2700 Appia
467 2633 718 2700 sepelitur
747 2633 832 2698 ,iij.
860 2649 1034 2683 nonas
1071 2633 1233 2683 Ianu-

244 2704 359 2770 arij.
387 2721 510 2755 cum
539 2704 747 2755 sedisset
774 2721 947 2754 annos
967 2703 1055 2770 .xj.
1083 2721 1232 2755 men-

245 2776 353 2828 sem
379 2792 547 2827 vnum
574 2775 691 2827 dies
717 2776 802 2842 ‚iiij
815 2774 846 2828 ³.

245 2900 300 2957 (I
329 2896 405 2947 M
400 2895 583 2948 certina
609 2894 766 3017 υιιζνῆο.
783 2902 1004 2988 φζιανίγν.
1054 2893 1235 2946 Laelio

663 2984 721 3017 er
745 2984 799 3017 za
828 3007 838 3018 .

387 3057 585 3110 Artina
645 3058 799 3123 virgo
864 3074 1089 3107 romana
1161 3075 1233 3108 ex

429 3130 595 3180 nobili
647 3137 702 3180 et
751 3129 972 3195 patritia
1026 3129 1233 3179 familia

245 3200 545 3251 christianae
595 3201 812 3266 pietatis
860 3200 1079 3266 egregia
1124 3200 1234 3250 cul-

244 3273 371 3332 trix,
407 3280 463 3323 et
500 3271 571 3322 ab
610 3271 829 3322 ineunte
867 3279 1033 3322 aetate
1075 3271 1233 3321 sacris

245 3343 412 3394 literis
463 3342 666 3404 dedita,
716 3349 771 3393 et
821 3343 1047 3402 erudita,
1099 3343 1232 3393 dum

245 3414 480 3480 sequitur
505 3413 877 3479 euangelicam
910 3411 1234 3476 doctrinam,

303 3564 319 3592 ¹
351 3565 426 3609 die
447 3599 456 3607 .
464 3577 500 3620 3.
526 3566 575 3608 in
598 3579 655 3609 m.

303 3622 320 3650 ²
351 3623 509 3666 omisso
539 3637 654 3667 zona.
683 3624 729 3666 P.

305 3681 321 3708 3
352 3681 451 3725 dies
473 3680 547 3737 xij.
580 3696 587 3724 :
612 3682 664 3724 R.
687 3683 735 3724 P.
754 3682 806 3725 A.

2210 233 2302 284 103

1316 329 1528 382 suarum
1628 330 1947 383 facultatum
2045 349 2302 399 magnam

1315 408 1528 466 partem
1608 403 1937 469 pauperibus
2023 404 2305 455 distribuit.

1317 470 1691 536 Quamobrem
1727 470 1870 524 facta
1905 489 1996 524 rea
2037 475 2184 540 quod
2224 492 2305 525 re-

1314 539 1444 593 li&0
1470 543 1697 594 deorum
1725 543 1874 594 cultu
1902 544 2118 595 seruiret
2145 561 2304 595 nouae

1315 613 1577 679 religioni,
1609 614 1679 664 ab
1714 614 2039 666 Alexandro
2075 616 2305 681 impera-

1314 690 1430 734 tore
1465 684 1714 751 Apollini
1750 685 2043 737 sacrificare
2077 686 2304 746 iubetur,

1315 755 1407 805 nis1
1445 756 1632 807 mallet
1668 756 1927 823 supplicia
1963 764 2305 823 mortemque

1314 825 1499 876 subire.
1553 827 1692 879 Cum
1715 827 1878 893 igitur
1900 828 1953 878 in
1975 827 2082 878 fide
2112 827 2304 879 Christi

1314 897 1586 962 perstaret,
1604 898 1837 964 equuleo
1856 899 2099 965 suspensa
2120 898 2304 949 ferreis

1314 968 1530 1033 vngulis
1565 977 1835 1020 exaratur.
1871 977 1926 1020 et
1961 969 2029 1020 fic
2066 971 2306 1021 cruciata

1315 1038 1369 1088 in
1421 1056 1689 1091 carcerem
1742 1040 2040 1106 conijcitur,
2080 1041 2115 1091 s1
2166 1041 2304 1092 sorte

1315 1109 1638 1161 sententiam
1658 1112 2028 1173 mutaret,Sed
2049 1111 2303 1179 postridie

1315 1181 1491 1232 rursus
1511 1182 1616 1248 dijs
1638 1182 1921 1234 immolare
1943 1183 2087 1244 iussa,
2109 1191 2164 1234 et
2185 1200 2305 1249 per-

1315 1252 1443 1302 inde
1478 1261 1797 1320 contempto
1834 1254 2095 1321 principis
2134 1255 2303 1320 impio

1315 1323 1464 1384 iussu,
1513 1324 1787 1386 saeuissime
1843 1333 2137 1392 torquetur,
2191 1342 2305 1375 ma-

1316 1394 1479 1445 millis
1506 1395 1645 1447 ferro
1677 1396 1910 1459 laniatiS‚
1937 1397 2213 1463 rursusque
2248 1397 2301 1447 in

1316 1483 1585 1517 carcerem
1608 1468 1913 1518 retruditur.
1968 1468 2160 1519 Paucis
2176 1484 2304 1519 vero

1316 1537 1508 1588 diebus
1543 1539 1849 1597 interiectiS,
1878 1538 2160 1605 desperata
2187 1555 2306 1590 mu-

1315 1609 1524 1660 tatione
1594 1609 1889 1671 sententiae,
1950 1610 2003 1660 in
2075 1609 2304 1676 publicis

1316 1677 1633 1744 specstaculis
1651 1679 1866 1732 obiecta
1884 1681 1958 1732 est
1974 1681 2306 1732 immanibus

1314 1750 1508 1816 best-ijs,
1560 1769 1788 1818 quarum
1840 1752 1990 1804 nulla
2037 1753 2303 1819 virginem

1316 1822 1521 1883 inuasit,
1559 1831 1654 1874 aut
1691 1841 1915 1890 quoquo
1954 1825 2120 1874 modo
2159 1823 2304 1875 laefit.

1316 1893 1473 1945 Tunc
1489 1911 1616 1945 vero
1634 1894 1765 1945 iussu
1785 1895 2126 1961 imperatOris
2147 1901 2307 1946 extra

1314 1965 1504 2016 vrbem
1556 1963 1767 2028 eduffli,
1810 1974 1864 2016 et
1915 1967 1970 2016 in
2021 1965 2306 2018 christiana

1317 2035 1638 2087 confessione
1688 2044 1743 2087 et
1797 2038 2003 2103 pietate
2061 2037 2305 2089 constan-

1317 2106 1507 2157 tissime
1534 2108 1879 2173 perseuerans
1907 2108 2085 2174 capite
2116 2106 2308 2175 plecti-

1316 2184 1405 2228 tur
1465 2179 1707 2229 calendis
1773 2179 2025 2245 Ianuarij.
2138 2178 2306 2231 Cuius

1317 2266 1513 2316 corpus
1564 2250 1850 2315 sepulturae
1907 2251 2098 2302 datum
2149 2250 2226 2302 est
2274 2249 2308 2301 a

1317 2318 1502 2372 sancto
1529 2321 1714 2372 calisto
1739 2339 1897 2388 papa.

1400 2466 1455 2523 (I
1495 2464 1544 2514 T
1537 2463 1825 2530 elesplcorzts
1838 2473 1984 2530 papa
2010 2472 2227 2530 martyr.

1620 2536 1795 2586 [ρεέῖιό
1820 2536 1977 2587 tertia
1986 2534 2014 2588 ⁵.

1317 2631 1748 2735 TElesphorus
1810 2633 2032 2683 natione
2099 2650 2307 2699 graecus

1453 2703 1742 2754 Antonino
1795 2705 2121 2771 imperatore
2173 2721 2306 2770 pon-

1315 2774 1454 2826 tifex
1472 2772 1661 2836 saffirus,
1678 2775 1967 2836 constituit,
1979 2783 2037 2826 vt
2055 2777 2308 2842 proxime

1316 2853 1446 2896 ante
1476 2845 1674 2912 pascha
1708 2847 1968 2897 ieiunium
2003 2847 2307 2912 quadrage-

1316 2916 1462 2967 fimae
1487 2917 1861 2968 obseruaretur
1890 2934 1900 2968 :
1927 2925 2094 2983 vtque
2126 2918 2180 2968 in
2214 2934 2308 2967 na-

1317 2988 1413 3038 tali
1461 2987 1652 3040 Christi
1699 2996 1807 3038 tres
1852 2988 2018 3038 missae
2070 2988 2308 3039 celebra-

1319 3067 1517 3110 rentur.
1629 3060 1824 3118 Prima‚
1889 3060 2070 3110 media
2132 3057 2308 3120 noGte,

1317 3147 1441 3180 cum
1481 3130 1703 3181 christus
1743 3130 1818 3181 est
1857 3138 2017 3181 natus
2054 3131 2107 3180 in
2144 3130 2308 3181 Beth-

1318 3201 1511 3252 lehem.
1631 3201 1899 3264 Secunda,
1973 3202 2027 3251 in
2101 3218 2308 3263 aurora,

1318 3274 1540 3338 quando
1562 3270 1593 3322 a
1613 3272 1913 3338 pastoribus
1942 3272 2015 3323 est
2042 3273 2307 3339 cognitus,

1320 3343 1607 3404 Postrema,
1641 3344 1783 3394 circa
1818 3360 1939 3394 eam
1974 3343 2163 3394 horam
2200 3361 2309 3409 qua

1318 3414 1712 3481 redemptionis
1783 3414 2040 3465 humanae
2115 3415 2309 3481 myste-

1376 3567 1392 3595 4
1424 3568 1499 3612 die
1519 3581 1573 3622 .4.
1598 3569 1648 3611 in
1672 3584 1728 3611 m.

1376 3626 1393 3653 5
1426 3627 1498 3670 die
1523 3638 1558 3682 5.
1584 3627 1633 3670 in
1657 3641 1713 3671 m.
